1904 3750
65 217 159 278 nm]
353 219 395 265 nn
417 219 563 268 osricus.
842 213 899 273 187

65 366 253 443 Perspicuum
276 368 335 445 jam
356 380 408 441 est,
429 370 546 446 etquid
572 369 643 429 mihi
663 371 803 443 videatur,
824 381 854 429 et

65 482 129 538 que
150 464 187 520 sit
208 463 282 521 inter
306 483 356 522 eos
382 466 577 542 philosophos,
599 487 671 542 quos
697 468 852 539 nominavi,

65 571 266 618 controversia.

92 751 217 809 XXIV.
239 752 329 810 Pacta
349 764 378 811 et
395 754 537 829 promissa
550 773 700 830 semperne
714 756 853 814 servanda

63 849 131 920 sint,
157 869 220 924 quae
245 869 299 906 nec
323 851 351 907 vi
378 869 433 907 nec
460 850 525 908 dolo
549 851 623 909 malo
647 851 692 928 (ut
719 859 884 927 praetores5

64 946 171 1024 solent)
188 945 264 1002 facta
284 947 361 1003 sintl
402 947 434 1002 Si
455 947 518 1021 quis
537 947 779 1004 medicamentum
793 949 854 1005 cui-

61 1041 139 1116 piam
155 1041 266 1097 dederit
282 1042 316 1098 ad
332 1061 434 1115 aquam
450 1042 632 1112 intercutem,
642 1042 851 1118 pepigeritque,

63 1155 101 1193 ne
115 1136 165 1193 illo
181 1137 390 1194 medicamento
411 1155 535 1211 unquam
549 1146 805 1211 posteauteretu13
827 1139 851 1194 si

63 1252 99 1290 eo
124 1233 335 1291 medicamento
362 1253 448 1290 sanus
475 1233 568 1290 factus
596 1233 691 1304 suerit,
713 1243 742 1289 et
770 1233 852 1290 annis

63 1330 170 1403 aliquot
190 1341 253 1405 post
274 1330 409 1386 inciderit
429 1330 459 1386 in
483 1331 607 1386 eundem
633 1331 775 1401 morbum,
796 1349 851 1387 nec
868 1343 898 1390 1⁰

63 1426 157 1496 abeo,
173 1425 288 1500 quicum
309 1427 466 1503 pepigerat,
482 1427 623 1501 impetret,
639 1437 670 1483 ut
692 1426 794 1484 iterum
815 1432 889 1505 eos,-

61 1522 149 1580 liceat
177 1523 227 1588 uti,
256 1523 324 1597 quid
358 1523 521 1579 faciendum
550 1523 606 1579 sitl
660 1522 736 1581 Cum
763 1523 800 1580 sit
826 1524 884 1580 is
937 1565 940 1569 -

61 1619 246 1689 inhumanus,
268 1619 316 1693 qoi
337 1638 395 1676 non
417 1619 558 1676 concedat
579 1620 629 1690 uti,
646 1640 702 1678 nec
723 1620 750 1678 ei
771 1621 851 1695 quid·
874 1636 876 1641 ·

61 1733 147 1789 quam
164 1715 213 1771 liat
227 1715 347 1790 injuriae,
362 1716 426 1773 vitae
441 1726 469 1772 et
484 1716 568 1773 saluti
583 1716 801 1775 consulendum.

100 1811 204 1874 Quidl
232 1811 255 1867 si
277 1812 339 1885 quis
360 1812 474 1886 sapiens
494 1824 610 1888 rogatus
631 1813 667 1870 sit
689 1815 724 1871 ab
744 1833 780 1871 eo
801 1813 848 1889 qui
866 1816 897 1863 15

60 1927 128 1966 eum
150 1908 292 1964 haeredem
314 1909 410 1979 faciat,
426 1929 492 1966 cum
514 1910 540 1966 ei
560 1920 732 1967 testamento
748 1921 850 1968 sester-

61 2005 132 2061 tium
155 2003 259 2060 millies
279 2004 465 2079 relinquatur,
480 2015 513 2061 ut
533 2016 609 2076 ante,
624 2024 709 2079 quam
730 2007 849 2064 haeredi·

60 2109 149 2158 tatem
179 2099 271 2170 adeat,
293 2100 359 2156 luce
385 2099 479 2176 palam
504 2099 533 2156 in
559 2100 620 2157 soro
647 2101 740 2171 saltet,
763 2102 849 2174 idque

61 2216 91 2252 se
112 2196 256 2253 facturum
277 2196 449 2271 promiserit,
472 2196 548 2269 quod
571 2196 651 2252 aliter
672 2214 738 2252 eum
762 2197 850 2253 haere-

61 2292 125 2350 dem
155 2292 314 2367 scripturus
349 2293 396 2349 ille
425 2311 488 2360 non
522 2302 612 2362 esset3
635 2291 743 2363 ‚saciat
771 2293 848 2366 quod
863 2299 895 2348 20

60 2389 233 2464 promiserit,
257 2391 369 2445 necne?
423 2388 593 2445 Promisisse
620 2387 741 2458 nollem;
769 2398 799 2444 et
819 2388 848 2445 id

60 2486 181 2543 arbitror
203 2484 290 2541 fuisse
311 2485 465 2561 gravitatis.
508 2486 575 2556 Sed,
591 2484 727 2559 quoniam
746 2485 849 2560 promi·

60 2582 107 2655 sit,
134 2583 159 2640 si
187 2582 291 2638 saltare
319 2583 347 2638 in
376 2583 437 2640 loro
464 2593 545 2657 turpe
575 2583 672 2653 ducet,
699 2581 848 2639 honestius

60 2678 225 2748 mentietur,
247 2677 271 2734 si
299 2697 333 2735 ex
361 2679 527 2738 hereditate
554 2679 625 2736 nihil
653 2679 771 2753 ceperit,
792 2679 847 2735 nisi
936 2731 940 2739 .

59 2774 132 2834 forte
162 2794 229 2832 eam
262 2774 415 2848 pecuniam
448 2774 477 2831 in
509 2775 675 2850 reipublicae
710 2779 894 2850 magnumffi

59 2871 175 2948 aliquod
195 2881 309 2945 tempus
329 2871 498 2941 contulerit;
527 2883 557 2929 ut
578 2871 620 2928 vel
643 2871 746 2928 saltare
770 2891 850 2944 euni,

56 2986 127 3029 uum
138 2967 241 3046 pstriae
255 2967 440 3029 consulturus
455 2968 504 3047 sit,
517 2979 606 3051 turpe
617 2989 684 3029 non
694 2969 747 3028 sit„
