1904 3750
407 644 451 692 nn
470 644 615 693 orrrcns.
830 644 882 704 [uz

117 792 227 852 militie
254 803 452 864 sacrament03
481 793 558 868 quia,
580 792 676 868 priore
704 791 819 864 amisso,
840 791 881 869 jur

118 908 184 948 cum
206 889 336 947 hostibus
354 908 483 966 pugnare
497 908 556 946 non
569 899 689 965 poterat
731 889 816 946 Adeo
830 908 880 947 suu

117 1005 165 1044 ma
175 996 236 1043 erat
250 986 411 1043 observatio
422 986 452 1043 in
464 986 540 1043 bello
551 986 701 1043 movendo.
737 984 779 1043 Μ.
789 984 879 1060 quida:

118 1081 239 1139 Catonis
260 1082 337 1139 senis
357 1081 479 1156 epistola
497 1090 541 1138 est
562 1080 598 1139 ad
619 1080 660 1139 M.
676 1082 777 1149 filium,
799 1082 879 1157 inqu

87 1176 243 1253 decripsit,
258 1197 289 1235 se
311 1177 435 1248 audisse,
449 1196 516 1234 eum
537 1177 656 1235 missum
677 1178 785 1235 factum
806 1197 869 1235 esse

119 1274 247 1346 consule,
263 1292 330 1331 curn
344 1274 374 1331 iu
396 1273 572 1332 Macedonia
592 1273 710 1332 Persico
729 1273 805 1331 bello
823 1274 877 1332 mil

118 1378 202 1426 esset.
237 1368 340 1426 Monet
351 1369 448 1446 igitur,
458 1379 489 1426 ut
501 1380 609 1440 caveat,
619 1388 656 1427 ue
666 1369 799 1444 proelium
810 1369 877 1427 inea

118 1476 206 1542 negat
219 1465 298 1523 enim
315 1466 362 1542 jus
380 1483 453 1537 ease,
468 1465 517 1540 qui
532 1465 614 1524 miles
635 1484 695 1523 nou
715 1465 762 1538 sit,
776 1485 877 1543 pugna

120 1580 186 1619 cum
201 1562 291 1620 hoste.
837 1571 840 1580 ·

75 1766 106 1816 10
159 1755 229 1812 XII.
258 1754 400 1830 Equidem
415 1754 485 1811 illud
500 1753 586 1811 etiarn
601 1754 873 1829 animadvert0‚qu0

120 1851 168 1927 qui
186 1851 302 1926 proprio
315 1851 433 1907 nomine
446 1851 603 1926 perduellis
616 1862 701 1923 essct,
717 1852 741 1908 is
754 1851 844 1908 hostis
857 1871 874 1907 v

119 1957 244 2017 caretur,
262 1947 379 2004 lenitate
402 1947 480 2004 verbi
502 1947 646 2005 tristitiam
670 1948 712 2004 rei
735 1948 875 2024 mitigatur

120 2041 222 2100 Hostis
237 2042 323 2114 euim,
340 2042 414 2116 apud
429 2043 551 2119 majores
565 2054 690 2114 nostros,
706 2043 729 2100 is
744 2043 875 2100 dicebatu

121 2156 205 2212 quern
225 2157 303 2195 nunc
319 2139 501 2214 peregrinum
515 2139 647 2196 dicimus.
688 2138 821 2196 Indicant
835 2139 873 2196 du

75 2250 105 2298 15
121 2234 216 2291 decim
240 2235 359 2292 tabulae:
392 2241 471 2292 “aut
498 2245 588 2293 status
611 2235 672 2292 dies
698 2253 765 2291 cum
792 2235 874 2292 hoste

120 2330 261 2404 Itemque,
278 2337 296 2367 “
309 2331 443 2388 adversus
463 2332 575 2389 hostem
596 2342 702 2390 aeterna
721 2331 874 2389 auctoritas

119 2426 204 2489 Quid
219 2428 254 2485 ad
268 2427 345 2485 hanc
358 2429 608 2486 mansuetudinem
624 2428 690 2485 addi
703 2429 817 2503 potestl
839 2448 875 2486 eu

72 2552 75 2557 ·
121 2524 239 2599 quicum
249 2525 354 2582 bellum
364 2544 457 2602 geras,
466 2536 525 2582 tam
534 2524 613 2582 molli
623 2525 740 2581 nomine
751 2526 873 2600 appellat

120 2620 297 2697 Quanquam
312 2622 341 2679 id
356 2641 461 2694 nomen
473 2621 572 2678 durius
583 2622 641 2697 jam
656 2621 752 2678 effecit
763 2631 873 2678 vetusta

73 2729 105 2778 20
122 2736 139 2775 a
157 2719 309 2795 peregrino
329 2719 407 2775 enim
427 2718 556 2786 recessit,
571 2728 600 2774 et
620 2717 733 2793 proprie
752 2716 782 2772 iu
796 2734 840 2788 ec,
855 2737 872 2792 q

122 2833 200 2872 arma
213 2826 315 2872 contra
328 2816 423 2887 ferret,
438 2815 582 2872 remansit.

160 2912 234 2969 Cum
246 2931 313 2970 vero
327 2912 362 2968 de
374 2912 493 2986 imperio
505 2911 676 2978 decertatur,
688 2909 819 2983 belloque
830 2929 872 2985 qut

120 3013 191 3066 ritur
205 3009 306 3086 gloria,
316 3027 417 3065 causas
428 3008 545 3065 omnino
557 3008 673 3065 subesse
684 3018 780 3064 tamen
791 3017 872 3082 cpcrt

120 3106 245 3176 easdem,
261 3122 331 3180 quas
350 3103 409 3159 dixi
430 3103 516 3178 paulo
536 3111 602 3160 ante
617 3101 708 3178 justas
725 3120 827 3158 causas
841 3121 871 3160 es

72 3201 104 3250 25
120 3199 268 3257 bellorum.
311 3198 370 3256 Sed
390 3217 425 3254 ea
447 3198 530 3269 bella,
553 3198 656 3273 quibus
679 3197 792 3272 imperii
813 3198 871 3275 glor

115 3296 264 3368 proposita
283 3304 337 3362 est,
360 3294 456 3352 miuus
483 3295 586 3351 acerbe
609 3294 736 3370 gerenda
749 3303 823 3352 sunt.
864 3294 871 3344 l

101 3388 193 3458 eurus,
210 3408 280 3449 cum
300 3392 360 3452 civi
382 3391 466 3453 aliter
488 3389 702 3481 contendimus,
714 3391 740 3452 si
753 3401 796 3451 est
810 3390 870 3455 inin
