1904 3750
48 211 85 260 m
95 211 139 272 n]
354 208 397 257 nn
418 209 564 257 osricus.
845 197 901 258 127

46 360 225 438 :eloquentiis
245 361 448 436 praestabilius,
462 362 507 419 vel
527 361 718 419 admiratione
739 358 857 418 audien·

47 459 141 530 tium,
153 457 198 515 vel
213 475 266 533 spe
282 456 485 534 indigentium,
497 457 541 514 vel
556 475 666 530 eorum,
680 456 728 534 qui
743 455 855 513 defensi

57 567 135 626 sunt,
164 554 281 633 gratini
323 553 404 611 Huic
431 573 544 630 quoque
571 574 640 632 ergo
662 574 679 612 a
699 554 856 630 majoribus

57 653 164 711 nostris
179 661 234 724 est,
251 651 282 708 in
300 652 379 729 togis,
394 651 544 729 dignitatis
563 651 742 727 principatus
762 650 855 707 datus.

58 748 170 806 Diserti
191 748 282 826 igitur
297 747 430 818 hominis,
446 757 475 804 et
489 747 573 805 facile
588 747 753 818 laborantis,
768 747 887 822 qnod-5
940 735 941 738 ¹

57 847 160 922 quein
181 844 284 922 patriis
304 854 347 901 est
368 844 506 916 moribus,
523 843 680 900 multorum
702 862 813 915 causas,
827 853 857 900 et
880 861 881 865 ’

58 961 118 1000 non
133 952 262 1021 gravate,
277 952 307 997 et
320 941 446 1018 gratuito
465 939 657 1012 defendentis,
673 940 815 998 beneficia
827 949 857 997 et

58 1039 224 1116 patrocinia
238 1038 298 1095 late
310 1047 418 1114 patent.

100 1136 290 1194 Admonebat
309 1153 354 1191 me
375 1153 431 1206 res,
445 1144 477 1191 ut
490 1133 548 1190 hoc
563 1131 759 1208 quoqueloco
772 1132 857 1189 inter·

60 1234 228 1292 missionem
249 1231 433 1306 eloquentiae,
455 1250 492 1288 ne
514 1230 610 1287 dicam
632 1228 788 1298 interitum,
810 1228 857 1284 de·
873 1235 904 1282 10

60 1331 220 1406 plorarem;
257 1328 288 1385 ni
315 1346 438 1400 vererer,
466 1346 503 1385 ne
535 1327 572 1383 de
606 1325 716 1400 meipso
750 1323 858 1399 aiiquid

61 1427 173 1485 viderer
209 1425 300 1501 queri.
362 1424 419 1482 Sed
454 1434 551 1481 tamen
585 1423 725 1494 videmuS,
753 1422 858 1498 quibus

62 1523 212 1582 exstinctis
222 1521 396 1592 oratoribus
408 1540 493 1596 quam
509 1521 538 1577 in
552 1521 653 1597 paucis
663 1540 738 1596 speS,
750 1530 858 1596 quanto

62 1621 91 1678 iu
106 1619 296 1698 paucioribus
317 1618 449 1690 facultas,
464 1637 550 1693 quam
565 1618 594 1675 in
609 1618 706 1676 multis
720 1619 757 1678 sit
772 1619 858 1676 auda·

62 1717 115 1775 cia.
158 1717 235 1774 Cum
258 1726 354 1772 autem
375 1734 476 1772 omnes
496 1734 555 1772 non
575 1715 696 1791 possint,
715 1736 752 1772 ne
773 1716 855 1773 multi
874 1717 904 1765 15

62 1815 189 1890 quidem,
215 1822 264 1871 aut
288 1812 446 1888 jurisperiti
473 1831 536 1868 esse
564 1822 613 1869 aut
637 1813 751 1883 diserti3
787 1813 857 1870 licet

62 1920 158 1968 tamen
171 1909 260 1987 opera
274 1909 410 1985 prodesse
424 1909 531 1981 multis,
544 1910 687 1966 beneficia
700 1921 855 1986 petentem,

63 2008 317 2065 commendantem
334 2005 483 2081 judicibus
496 2018 525 2065 et
546 2007 771 2082 magistratibus,
786 2008 858 2083 vigi·

62 2103 167 2161 lentem
189 2121 242 2181 pro
264 2121 295 2159 re
317 2100 443 2174 citerius,
458 2121 509 2158 eos
532 2101 618 2176 ipsos,
644 2101 692 2175 qui
716 2112 764 2158 aut
788 2120 857 2157 con·

62 2201 195 2257 suluntur
224 2209 273 2256 aut
300 2198 469 2270 defendunt,
497 2207 664 2273 rogantem;
700 2198 777 2271 quod
807 2196 856 2270 qui
872 2206 904 2255 20

63 2295 182 2364 faciunt,
204 2295 362 2371 plurimum
383 2296 481 2371 gratiae
503 2302 730 2369 consequuntur,
755 2291 857 2349 latissi-

62 2411 164 2470 meque
178 2410 281 2450 eorum
296 2402 392 2448 manat
407 2390 555 2449 industria.

99 2491 177 2561 Jam
189 2489 261 2548 illud
282 2507 341 2545 non
363 2499 429 2546 sunt
450 2487 634 2560 admonendi,
653 2487 711 2564 (est
731 2484 856 2542 enimin

61 2589 211 2664 promptu)
227 2596 259 2643 ut
275 2586 403 2642 animum
418 2586 575 2657 advertant,
591 2604 658 2642 curn
670 2584 770 2661 juvare
786 2581 857 2638 alios

62 2685 158 2756 velint,
175 2702 214 2741 nc
228 2700 302 2757 quos
323 2682 477 2739 offendant.
528 2682 612 2757 Saepe
634 2681 713 2739 enim
736 2688 784 2736 aut
806 2695 856 2735 eos
871 2687 904 2736 25

61 2781 168 2840 indunt
188 2797 263 2856 quos
283 2797 343 2835 non
364 2778 480 2850 debent,
498 2788 546 2836 aut
566 2797 617 2836 eos
638 2796 710 2854 quos
731 2794 788 2833 non
810 2793 856 2832 ex·

58 2878 153 2957 pedit3
176 2877 202 2934 si
224 2876 430 2951 imprudentes,
445 2876 629 2953 negligentiae
644 2885 703 2945 est;
725 2872 749 2929 si
763 2871 855 2930 scien·

59 2985 111 3052 tes,
122 2972 306 3036 temeritatis.
348 2970 497 3036 Utendum
511 2972 603 3039 etiam
614 2982 663 3037 est
675 2969 879 3036 excusatione
