1904 3750
57 232 141 294 nn]
356 233 399 280 on
420 234 565 282 osricus.
844 220 897 283 111

55 390 226 456 sumptuum
247 380 419 439 facultatem
440 382 563 440 fructum
580 380 743 439 divitiarum
762 390 853 458 putat.

60 474 138 534 Mihi
159 488 257 535 autem
271 477 322 535 ille
338 478 448 535 fructus
461 478 650 553 liberalitatis,
665 479 748 555 cujus
761 497 856 536 exeru-

61 573 107 648 pla
118 592 216 649 pauca
228 575 324 650 posui,
336 574 426 632 multo
436 586 465 631 et
475 575 565 651 major
576 575 687 632 videtur
699 587 728 633 et
738 576 853 633 certior.

56 668 184 730 Quanto
204 670 380 728 Aristoteles
400 671 514 747 gravius
531 681 559 728 et
573 672 668 728 verius
687 690 741 730 uos
761 691 854 747 repre·

62 764 174 837 bendit,
203 785 254 840 qur
281 767 335 823 has
363 767 550 841 pecuniarum
581 768 734 825 effusiones
766 767 884 848 [non]5

59 861 250 934 admiremur,
265 881 330 936 quae
344 861 416 919 fiunt
430 862 466 919 ad
480 863 692 920 multitudinem
710 864 854 921 delenien-

57 957 145 1015 dam!
191 957 241 1029 At,
256 958 287 1031 ii,
303 957 353 1032 qui
373 958 408 1014 ab
428 959 509 1016 hoste
529 960 705 1031 obsidentur,
720 960 744 1016 si
758 978 854 1016 emere

64 1073 144 1127 aquae
159 1055 319 1111 sextarium
334 1053 411 1110 minti
426 1065 576 1131 cogantur,
589 1055 646 1111 hoc
659 1055 751 1128 primo
763 1055 855 1111 incre·

58 1150 152 1207 dibile
173 1149 257 1207 nobis
277 1149 381 1220 videri,
400 1169 557 1225 omnesque
577 1150 691 1207 mirari:
713 1148 772 1219 sed,
788 1168 854 1205 curn

63 1246 249 1320 attenderint,
280 1245 394 1303 veniam
428 1247 593 1304 necessitati
626 1247 712 1303 dare:
746 1245 776 1302 in
810 1245 855 1302 his
869 1257 900 1306 10

63 1342 238 1400 immanibus
255 1341 389 1418 jacturis,
404 1343 578 1418 infinitisque
598 1343 768 1418 sumptibus,
783 1341 854 1398 nihil

64 1457 117 1496 nos
151 1456 329 1515 magnopere
363 1438 476 1510 mirari;
509 1459 575 1496 cum
608 1439 764 1516 praesertim
798 1457 854 1496 neo

65 1535 232 1593 necessitati
252 1534 450 1608 subveniatur,
471 1555 527 1593 nec
553 1537 678 1613 dignitas
700 1547 853 1613 augeatur;

66 1630 183 1706 ipsaque
206 1631 258 1688 illa
280 1628 435 1688 delectatio
457 1633 648 1691 multitudinis
668 1633 705 1691 sit
719 1634 754 1690 ad
769 1634 854 1691 breve

64 1727 258 1804 exiguumque
279 1735 408 1802 tempus3
430 1746 521 1803 eaque
536 1748 552 1785 a
565 1727 709 1786 levissimo
723 1749 852 1805 quoque:
868 1740 899 1789 15

66 1821 165 1899 inquo
186 1834 287 1880 tamen
310 1821 380 1896 ipso,
396 1824 453 1880 un'd
474 1843 539 1880 cum
561 1825 701 1897 satietate,
716 1825 855 1883 memoria

62 1937 178 1995 *quoque
199 1919 340 1977 moriatur
360 1918 520 1995 voluptatis.
562 1920 642 1978 Bene
666 1922 753 1979 etiam
775 1921 855 1979 colli·

66 2015 114 2092 git,
142 2017 207 2074 baeo
233 2013 343 2091 pueris,
371 2026 399 2072 et
426 2016 613 2089 mulierculis,
641 2027 670 2073 et
699 2018 797 2087 servis,
826 2027 855 2073 et

67 2130 213 2170 servorum
240 2109 395 2169 simillimis
421 2112 529 2184 liberis,
555 2131 617 2169 esse
644 2123 741 2188 grata3
775 2110 854 2186 gravi

67 2225 130 2266 vero
156 2205 283 2277 homini,
312 2214 342 2261 et
367 2225 410 2278 ea,
439 2228 502 2282 quae
529 2208 609 2277 fiant,
634 2206 745 2281 judicio
774 2215 900 2268 certono

67 2301 248 2377 ponderanti,
262 2301 376 2376 probari
389 2323 473 2378 posse
488 2304 567 2361 nullo
582 2303 677 2359 modo.

102 2399 286 2474 Quanquam
300 2396 439 2475 intelligo,
455 2400 485 2456 in
499 2400 597 2457 nostrii
612 2398 726 2456 civitate
749 2397 856 2455 invete-

67 2494 143 2553 risse
160 2495 222 2572 jam
237 2492 353 2551 abonis
367 2496 552 2570 temporibus,
568 2504 599 2550 ut
619 2494 753 2570 splendor
768 2493 856 2550 aedili·

68 2599 156 2648 tatum
186 2591 223 2647 ab
250 2588 368 2664 optimis
391 2590 458 2648 viris
484 2589 651 2666 postuletur.
702 2589 803 2662 Itaque
827 2599 856 2646 et

67 2685 97 2746 P.
112 2688 248 2757 Crassus,
270 2703 338 2742 oum
359 2687 532 2763 cognomine
553 2686 651 2757 Dives,
672 2696 733 2743 tum
754 2684 855 2761 copiis,
869 2703 901 2752 25

68 2784 182 2843 functus
196 2793 242 2840 est
257 2780 377 2839 aedilitio
397 2783 523 2840 maximo
538 2800 666 2840 munere.
708 2782 756 2853 Et,
770 2783 856 2858 paulo

66 2891 138 2956 post,
152 2880 187 2939 L.
204 2877 339 2948 Crassus,
354 2896 421 2934 curn
442 2879 571 2935 oninium
591 2879 739 2936 hominum
760 2879 856 2937 mode-

60 2977 211 3037 assumo
230 2973 271 3036 Q.
285 2971 398 3049 Mucio,
413 2976 714 3059 magnificentissimis
732 2976 883 3039 edulitate
