1904 3750
63 227 157 287 nm]
354 229 397 274 na
420 229 565 276 ormena.
846 215 900 274 191

62 375 141 438 Quis
162 376 225 433 haec
246 386 331 452 neget
352 395 414 434 esse
429 377 530 435 utilial
551 375 620 454 quid
635 375 757 433 cenaesl
778 392 855 451 mag·

63 473 167 531 nitudo
182 471 269 530 animi
284 484 312 529 et
326 473 462 530 fortitudo
476 483 570 550 negat.

102 665 232 723 XXVII.
255 665 333 722 Num
355 665 558 742 locupletiores
578 667 683 741 quaeris
702 670 853 726 auctorest

63 761 176 819 Harum
191 762 268 818 enim
283 773 326 819 est
339 763 475 819 virtutum
496 763 651 838 proprium,
667 764 706 820 nil
724 764 855 822 extimes·

63 877 139 930 cere,
169 859 267 915 omnia
300 859 425 916 humana
458 859 624 934 despicere3
659 860 742 931 nihil,
777 862 884 935 quod5

64 955 174 1012 homini
209 956 342 1013 accidere
375 955 476 1030 possit,
505 956 715 1012 intolerandum
743 967 852 1031 putare.

63 1049 163 1127 Itaque
184 1052 251 1126 quid
274 1053 362 1109 fecitl
403 1051 438 1107 ln
457 1064 588 1108 senatum
603 1051 697 1108 venit:
719 1053 854 1111 mandata

62 1148 210 1224 exposuit:
252 1149 423 1205 sententiam
461 1168 499 1205 ne
536 1148 654 1218 diceret,
693 1149 851 1206 recusavit:

62 1245 199 1318 quamdiu
231 1245 416 1322 jurejurando
450 1245 575 1303 hostium
610 1254 766 1314 teneretur,
794 1263 853 1301 non

61 1358 124 1398 esse
145 1360 176 1397 se
198 1353 367 1398 senatorem.
411 1342 508 1416 Atque
529 1341 600 1398 illud
621 1340 707 1396 etiam
734 1339 765 1416 (o
786 1341 854 1397 stul·
868 1343 899 1392 10

61 1445 122 1493 tum
137 1437 294 1508 hominem,
310 1438 413 1494 dixerit
433 1438 628 1513 quispiam,·et
644 1446 853 1514 repugnantem

61 1533 178 1590 utilitati
200 1553 258 1590 suae
268 1535 290 1612 l)
305 1535 386 1590 reddi
406 1535 541 1609 captivos,
557 1534 671 1611 negavit
686 1553 749 1590 esse
764 1534 850 1592 utile:

61 1628 127 1686 illos
146 1630 224 1687 enim
247 1630 443 1687 adolescentes
463 1651 536 1702 esse,
551 1644 579 1687 et
596 1632 685 1689 bonos
706 1631 805 1704 duceS,
821 1651 852 1689 se

57 1727 117 1801 jam
139 1725 304 1782 conlectum
325 1737 481 1784 senectute.
524 1727 615 1803 Cujus
636 1746 702 1784 cum
717 1728 853 1786 valuisset

62 1821 228 1892 auctoritas,
250 1822 354 1897 captivi
376 1824 480 1880 retenti
503 1835 584 1881 suut:
614 1825 674 1899 ipse
701 1826 898 1902 Carthagi-15

59 1937 127 1974 nem
148 1918 248 1988 rediit;
278 1937 370 1994 neque
391 1939 457 1977 eum
479 1921 583 1977 caritas
602 1922 701 1995 patriae
722 1923 850 1993 retinuit,

59 2033 115 2070 nec
136 2033 262 2071 suorum.
304 2015 409 2090 Neque
424 2035 491 2072 vero
510 2025 571 2072 tum
593 2016 753 2092 ignorabat,
769 2036 799 2074 se
815 2019 850 2074 ad

59 2111 290 2167 crudelissimum
312 2112 435 2183 hostem,
449 2121 479 2167 et
494 2112 529 2167 ad
543 2111 685 2184 exquisita
698 2112 849 2187 supplicia,

57 2206 220 2282 proficisci:
243 2209 293 2264 sed
311 2208 512 2284 jusjurandum
528 2207 756 2263 conservandum
770 2218 851 2282 puta-

59 2304 115 2362 bat
159 2303 260 2378 Itaque
275 2315 346 2375 tum,
362 2324 427 2361 cum
443 2303 588 2380 vigilando
608 2303 774 2373 necabatur,
790 2313 851 2360 erat
864 2312 896 2362 20

58 2399 89 2457 in
110 2399 231 2457 meliore
251 2401 348 2471 causa,
364 2420 449 2475 quam
465 2400 489 2457 si
504 2399 580 2456 domi
602 2417 690 2454 senex
710 2399 849 2473 captivus,

56 2497 190 2572 perjurus
210 2497 380 2567 consularis,
396 2495 587 2553 remansisset.
608 2521 612 2524 -
630 2493 671 2550 At
690 2494 785 2566 stulte,
801 2495 850 2569 qui

57 2612 115 2650 non
140 2592 226 2649 modo
250 2611 306 2650 non
332 2592 478 2649 censuerit
503 2591 631 2666 captivos
652 2590 850 2662 remittendos,

57 2708 156 2746 verum
192 2688 278 2745 etiam
312 2689 488 2746 dissuaserit.
552 2687 711 2749 Quomodo
744 2687 850 2744 stultel

57 2786 194 2856 etiamne,
233 2785 257 2841 si
293 2785 461 2861 reipublicae
500 2785 700 2842 conducebatl
751 2783 896 2851 Potest25

56 2894 163 2955 autem,
186 2881 263 2957 quod
284 2882 385 2940 inutile
408 2882 574 2957 reipublicae
596 2880 642 2953 sit,
664 2880 694 2938 id
715 2881 859 2958 cuiquam

54 2981 111 3040 civi
126 2979 199 3040 utile
213 2981 296 3038 esset
