1904 3750
73 189 130 251 1oe
409 194 450 242 un
474 189 618 243 osricus⁶
788 185 907 271 Ι[ΜΠ.

117 345 165 407 md
178 344 245 404 luce
259 344 411 421 Pomponii
433 346 549 404 domum
564 344 675 402 venisse
693 343 806 402 dicitur.
849 343 907 400 Cui

116 462 183 500 cum
204 453 280 500 esset
299 443 480 514 nuntiatum
508 443 584 518 quod
606 442 686 499 illum
714 441 818 498 iratum
840 441 907 498 alla·

117 549 213 597 turum
228 539 263 597 ad
278 542 311 596 se
326 539 432 614 aliquid
453 549 553 597 contra
572 550 683 614 patrem
705 538 907 596 arbitraretur}

117 635 240 693 surrexit
266 655 282 692 e
309 635 417 693 lectulo
425 654 432 705 ;
460 635 633 709 remotisque
662 634 785 704 arbitris,
814 634 849 691 ad
877 654 908 692 se

86 733 102 782 ὅ
118 731 328 789 adolescentem
341 731 425 808 jussit
439 732 543 789 venire.
585 732 626 788 At
640 731 698 799 ille,
713 738 745 787 ut
762 732 909 807 ingressus

117 837 171 898 est,
193 829 345 886 confestim
366 829 493 905 gladium
514 828 675 899 destrinxit,
689 827 862 903 juravitque,
877 846 908 884 se

118 914 199 983 illum
213 925 308 983 statim
323 925 550 996 interfecturum,
566 924 621 981 nisi
638 924 838 999 jusjurandum
852 924 908 980 sibi

118 1021 254 1099 dedisset,
269 1041 300 1079 se
313 1033 421 1097 patrem
437 1022 555 1079 missum
577 1039 639 1078 esse
661 1020 814 1078 facturum.
856 1020 909 1077 Ju-

118 1099 191 1175 ravit
212 1118 268 1175 hoo
289 1129 408 1176 coactus
431 1128 540 1175 terrore
567 1117 761 1191 Pomponius:
789 1135 849 1174 rem
872 1115 907 1173 ad

72 1217 103 1271 1⁰
117 1215 255 1290 populum
277 1215 394 1272 detulit:
423 1214 531 1285 docuit,
553 1233 605 1271 cur
629 1215 684 1272 sibi
708 1213 796 1274 causat
820 1212 909 1270 desis·

118 1319 179 1369 tere
213 1330 332 1368 necesse
366 1322 457 1367 esset:
496 1309 637 1368 Manlium
675 1311 794 1367 missum
829 1309 906 1367 secit.

118 1403 247 1465 Tantum
274 1407 451 1481 temporibus
479 1407 535 1464 illis
558 1400 758 1483 jusjurandum
787 1407 907 1464 valebat.

118 1500 215 1577 Atque
237 1503 285 1560 hic
306 1496 343 1561 Τ.
359 1498 486 1560 Manlius
508 1504 531 1560 is
552 1515 604 1575 est,
620 1504 679 1578 qui,
695 1504 729 1561 ad
751 1504 908 1575 Anienem,

117 1597 204 1669 Galli,
219 1618 303 1673 quem
325 1600 361 1656 ab
381 1618 416 1656 eo
436 1610 609 1674 provocatus
629 1596 786 1671 occiderat,
808 1613 909 1675 torque

72 1699 103 1749 15
118 1694 257 1765 detracto,
279 1713 442 1771 cognomen
464 1695 589 1753 invenit:
618 1694 700 1772 eujus
727 1697 812 1755 tertio
839 1717 909 1754 con·

117 1792 211 1848 sulatu
228 1789 325 1848 Latini
340 1791 376 1848 ad
387 1791 517 1849 Veserim
534 1792 599 1864 susi,
614 1804 642 1849 et
657 1792 764 1870 fugati:
787 1812 909 1870 magnus

116 1887 159 1944 tir
184 1887 213 1944 in
237 1888 346 1964 primis,
370 1898 399 1946 et
420 1888 479 1962 qui,
502 1888 708 1967 perindulgens
733 1890 763 1947 iu
786 1902 907 1967 patrem,

118 1976 194 2041 idem
210 1983 313 2042 acerbe
328 2001 443 2043 severus
458 1985 487 2043 in
502 1986 602 2044 filium.

158 2173 289 2236 XXXII.
312 2176 381 2251 Sed,
401 2184 432 2237 ul
452 2173 613 2237 laudandus
634 2179 767 2256 Regulus
788 2179 817 2238 in
839 2201 908 2240 eon·

71 2277 103 2327 90
118 2276 259 2332 servando
277 2273 471 2352 jurejurando,
487 2274 530 2333 sic
551 2277 651 2333 decem
674 2277 714 2334 illi
738 2276 822 2353 (quos
842 2289 908 2354 post

118 2367 301 2429 Cannensem
328 2391 452 2448 pugnam
478 2373 586 2447 juratos
608 2373 642 2430 ad
670 2385 802 2430 senatum
831 2376 909 2433 misit

118 2466 275 2538 Hannibal,
304 2486 335 2524 se
362 2467 392 2524 in
420 2480 514 2525 castra
545 2469 686 2525 redituros
713 2489 757 2541 ea,
786 2491 908 2545 quorum
931 2525 933 2529 ,

116 2563 200 2639 potiti
222 2573 303 2620 crant
324 2561 416 2633 Poeni,
438 2563 493 2620 nisi
520 2560 557 2621 de
583 2560 759 2622 redimendis
787 2569 908 2642 captivis

118 2658 371 2737 impetravissent),
399 2659 423 2716 si
450 2679 508 2717 non
538 2658 694 2729 redierunt,
716 2662 907 2736 vituperandi.

71 2762 102 2812 25
118 2753 163 2810 De
178 2756 280 2829 quibus
294 2775 353 2813 non
368 2772 468 2812 omnes
483 2776 542 2814 uno
556 2757 655 2815 modo:
678 2778 744 2815 nam
760 2756 907 2835 Polybius,

112 2847 207 2909 bonus
228 2863 328 2911 auctor
355 2852 496 2929 inprimis,
517 2855 626 2925 scribit,
648 2855 803 2913 andecam
826 2861 909 2917 nobi·

97 2935 240 3026 lissimis,
256 2952 308 3030 qui
329 2963 392 3014 tum
415 2963 499 3012 erant
517 2951 609 3026 misai,
621 2971 727 3010 nouem
744 2956 907 3031 revertisse,
