1904 3750
240 278 377 336 tectus,
393 279 466 326 eivs
486 278 529 324 os
548 277 704 325 smmum.
877 264 917 322 63

86 425 250 498 tentisrum,
275 446 386 485 summu
409 427 569 484 consensio.
611 427 711 502 Itaque
733 444 791 482 non
810 434 868 482 tam

85 523 140 580 ista
155 542 202 580 me
218 523 375 598 sapientise,
394 543 477 598 quam
494 523 580 580 modo
596 523 725 580 Fannius
744 539 868 578 comme-

83 620 213 691 moravit,
239 620 314 677 sama
340 619 473 691 delectat,
499 619 570 676 salsa
591 618 757 695 praesertim,
781 637 866 693 quam

82 716 159 790 quod
176 717 309 774 amicitiae
325 726 429 773 nostrae
443 716 609 772 memoriam
624 734 706 790 spero
720 715 866 790 sempiter-

81 830 149 868 nam
168 812 236 869 fore.
277 811 367 887 quue
381 813 452 869 mihi
465 831 501 868 eo
515 812 606 888 magis
620 822 663 869 est
677 811 767 883 cordi,
779 812 864 886 quod,
880 825 897 873 5

81 927 117 964 cx
136 909 269 967 omnibus
289 909 411 980 saeculis,
426 898 473 965 vix
492 908 547 965 tria
568 917 615 965 aut
635 917 755 982 quatuor
775 908 865 965 uomi-

80 1014 184 1061 nautur
205 1006 285 1081 peria
305 1005 479 1063 amicorum:
500 1023 557 1079 quo
577 1004 607 1060 in
627 1023 732 1079 genere
750 1023 864 1079 sperare

80 1101 186 1172 videor,
201 1101 347 1177 Scipionis
367 1111 396 1157 et
417 1100 498 1158 Laelii
519 1100 673 1158 amicitiam
689 1110 786 1157 notam
800 1120 864 1176 pos·

79 1197 186 1254 teritati
200 1197 268 1254 fore.
737 1188 739 1194 ¹

117 1293 257 1350 Fannius.
298 1292 380 1350 Istud
391 1293 516 1368 quidem,
528 1292 609 1364 Laeli,
621 1292 662 1349 ita
674 1311 793 1349 necesse
804 1301 862 1349 est:
879 1309 910 1358 ιο

79 1390 139 1462 sed,
157 1389 292 1464 quoniam
311 1390 444 1447 amicitiae
460 1389 637 1447 mentionem
653 1388 757 1460 fecisti,
774 1397 803 1446 et
819 1407 865 1446 su·

78 1505 142 1543 mus
161 1486 256 1557 otiosi,
273 1496 436 1562 pergratum
457 1486 528 1543 mihi
549 1485 661 1557 feceris,
678 1485 774 1561 (spero
794 1485 864 1542 item

78 1583 230 1662 Scaevolae)
258 1582 292 1654 si,
320 1583 557 1658 quemadmodum
585 1582 660 1639 soles
687 1580 723 1638 de
751 1581 864 1638 caeteris

78 1678 173 1750 rebus,
198 1698 265 1736 cum
289 1698 325 1735 ex
351 1688 379 1736 te
403 1672 576 1755 queruntur,
600 1679 644 1735 sic
671 1678 707 1734 de
735 1678 863 1736 amicitiis

78 1773 241 1849 disputdris,
261 1775 330 1850 quid
354 1776 470 1847 sentias,
491 1775 605 1850 qualem
624 1775 779 1847 existimes,
800 1793 863 1851 quae
878 1791 909 1840 15

76 1879 220 1945 praecepta
232 1871 291 1928 des.

30 1992 32 1996 ⁴
116 1966 251 2025 Scaevota.
291 1966 367 2024 Mihi
392 1986 459 2024 vero
481 1977 646 2043 pergratum
669 1967 742 2024 erit:
768 1977 862 2042 etque,

77 2063 200 2138 idipsum
231 2082 298 2121 cum
328 2074 425 2120 tecum
457 2082 541 2140 agere
572 2081 702 2134 conarer,
733 2063 863 2119 Fannius

78 2160 246 2217 antevertit:
268 2161 450 2235 quamobrem
470 2160 584 2235 utrique
602 2157 731 2215 nostrtim
749 2169 862 2235 gratum

77 2255 230 2314 admodum
245 2256 357 2313 feceris.
877 2272 910 2322 ω

115 2449 151 2505 V.
194 2448 310 2505 Lectius.
352 2448 417 2524 Ego
434 2465 502 2505 vero
518 2465 577 2503 non
595 2464 736 2523 gravarer,
751 2445 776 2502 si
792 2445 863 2503 mihi

77 2545 138 2619 ipse
158 2544 351 2601 confiderem:
376 2563 443 2600 nem
467 2553 496 2600 et
519 2543 657 2618 preclare
681 2560 727 2598 res
750 2551 809 2610 est;
834 2550 864 2597 et
934 2559 936 2563 ’

77 2657 175 2696 sumus
193 2638 239 2714 (ut
259 2639 330 2695 dixit
350 2639 494 2718 Fannius)
509 2637 604 2695 otiosi.
645 2637 704 2693 Sed
724 2636 787 2711 quis
807 2652 863 2712 ego

77 2737 162 2792 sumt
188 2746 236 2792 aut
257 2754 319 2808 quae
340 2734 370 2790 in
391 2752 436 2790 me
457 2743 500 2789 est
520 2733 663 2790 facultas?
703 2732 863 2789 Doctorum

77 2840 120 2887 est
140 2830 195 2888 ista
216 2829 404 2899 cousuetudo,
420 2847 509 2902 eaque
529 2828 707 2898 Graecorum,
721 2837 753 2884 ut
767 2827 802 2884 iis
814 2845 863 2904 po-
877 2842 911 2894 25

77 2937 170 2998 natur,
192 2928 227 2983 de
248 2945 304 3001 quo
324 2925 469 2999 disputent
489 2924 618 2999 quemvis
636 2924 739 2981 subito.
780 2922 863 2998 Meg·

76 3040 145 3082 num
164 3041 236 3100 opus
254 3031 316 3095 est3
338 3031 465 3104 egetque
479 3021 699 3083 exciditetioue
706 3014 895 3089 uomitum·
