1904 3750
63 230 128 292 trl
344 225 389 274 ua
408 226 555 276 osricus.
858 217 899 276 ta

57 372 131 431 riore
159 373 255 432 causti
284 374 428 450 impediti,
450 394 467 433 a
488 373 639 451 republica
659 386 851 448 recesserunt,

58 489 119 528 cum
130 472 196 547 ejus
212 471 450 529 administrandae
460 483 629 547 potestatem
643 473 715 544 aliis,
726 473 841 530 laudem

58 587 119 641 qne,
134 569 346 626 concederent.
387 567 507 630 Quibus
528 579 624 626 autern
644 571 710 627 talis
723 570 802 627 nulla
814 570 852 628 sit

60 682 152 736 causa,
175 665 201 722 si
226 665 379 741 despicere
402 684 434 722 sa
455 665 619 736 dicantem,
640 685 702 741 quae
722 666 851 741 plerique

60 761 208 832 mirentur,
224 761 348 836 imperia
368 771 398 818 et
419 761 612 838 magistratus,
634 762 670 818 iis
688 780 748 818 non
765 763 882 820 modo5

61 874 114 914 uon
141 859 234 929 laudi,
262 877 365 916 verum
391 858 479 915 etiam
505 857 586 930 vitio,
614 859 741 916 dandum
771 870 851 935 puto.

60 952 192 1015 Quorum
212 955 370 1030 judicium,
384 955 415 1012 in
434 974 470 1013 eo
490 957 567 1031 quod
587 955 708 1031 gloriam
728 967 854 1013 contem·

62 1063 126 1108 nant
149 1062 179 1108 et
199 1070 255 1127 pro
275 1051 369 1108 nihilo
386 1061 497 1126 putent,
513 1051 631 1109 difficile
646 1050 724 1107 lactu
737 1061 781 1108 est
794 1071 852 1109 non

63 1149 200 1221 probare:
224 1148 275 1205 sed
290 1148 425 1205 videntur
443 1149 557 1206 labores
576 1159 605 1204 et
623 1146 778 1217 molestias,
793 1159 854 1204 tum

63 1243 262 1315 offensionum,
277 1254 339 1301 turn
356 1245 544 1319 repulsarum,
560 1243 643 1319 quasi
658 1242 800 1317 quandam
815 1243 856 1318 ig·
870 1249 900 1298 1⁰

64 1342 230 1411 nominiam‚
245 1341 362 1410 timere,
377 1351 405 1398 et
419 1341 575 1398 infamiam.
619 1341 695 1396 Sunt
708 1339 795 1410 enim,
806 1338 855 1414 qui

64 1436 191 1495 inrebus
214 1437 371 1494 contrariis
393 1457 493 1513 parum
513 1438 568 1495 sibi
589 1446 737 1505 constent3
758 1437 856 1512 volup-

63 1543 145 1591 tatem
153 1535 341 1591 severissime
353 1545 549 1606 contemnant,
562 1535 592 1591 in
607 1534 703 1591 dolore
717 1534 775 1590 sint
785 1535 856 1591 mol·

64 1631 159 1701 liores;
190 1630 313 1708 gloriam
339 1631 497 1707 negligant,
523 1631 692 1707 frangantur
715 1631 853 1689 infamia:

65 1739 142 1804 atque
157 1748 195 1786 ea
208 1728 329 1804 quidem
343 1747 401 1784 non
417 1729 486 1786 satis
501 1738 675 1787 constanter.
869 1737 900 1785 15

98 1827 156 1883 Sed
172 1826 219 1896 iis,
233 1825 284 1901 qui
300 1824 407 1880 habent
422 1825 556 1882 amatura
576 1826 740 1901 adjumenta
758 1843 854 1882 rerum

64 1923 266 1997 gerendarum,
278 1920 392 1996 abjecti
401 1922 480 1978 omni
489 1923 685 1994 cunctatione,
696 1923 856 1999 adipiscen-

63 2016 91 2074 di
104 2019 304 2095 magistratus,
319 2027 349 2074 et
363 2018 491 2093 gerenda
513 2018 678 2094 respublica
696 2029 746 2077 est.
788 2017 856 2074 Nec

63 2116 137 2172 enirn
153 2115 237 2173 aliter
253 2122 304 2170 aut
324 2115 387 2190 regi
408 2115 519 2186 civitas,
536 2125 584 2172 aut
604 2115 745 2172 declarari
768 2112 856 2170 animi

64 2212 242 2289 magnitudo,
251 2219 356 2285 potest.
384 2210 610 2286 Capessentibus
620 2220 715 2267 autem
724 2209 856 2283 rempub-
870 2220 901 2268 20

63 2305 146 2365 licam
165 2307 262 2364 nihilo
277 2305 383 2376 minus,
397 2325 481 2380 quam
496 2305 682 2381 philosophis,
697 2304 773 2361 haud
795 2303 856 2360 scio

66 2422 98 2460 an
116 2404 213 2480 magis
228 2402 328 2472 etiam,
343 2411 371 2458 et
386 2402 609 2479 magnificentia,
625 2410 654 2457 et
668 2399 859 2476 despicientia

66 2499 229 2557 adhibenda
252 2497 290 2554 sit
312 2512 407 2554 rerum
429 2497 628 2568 humanarum,
653 2506 682 2553 et
705 2514 749 2566 ea,
771 2513 857 2569 quarn

65 2615 136 2672 sape
151 2596 231 2665 dico,
247 2604 277 2651 et
291 2594 482 2669 tranquillitas
498 2594 585 2651 animi
600 2603 685 2668 atque
699 2591 856 2662 securitas;

66 2692 220 2767 siquidem
235 2708 293 2747 nec
308 2690 384 2746 anxii
400 2690 487 2747 suturi
502 2700 579 2761 sunt,
594 2700 622 2747 et
637 2709 704 2747 cum
718 2688 856 2765 gravitate
872 2694 903 2743 25

67 2788 288 2861 constantiaque
316 2786 428 2844 victuri.
468 2786 546 2849 Qua
571 2806 606 2843 eo
635 2787 766 2844 faciliora
792 2796 858 2844 sunt

65 2884 257 2961 philosophis,
280 2901 337 2956 quo
360 2883 455 2941 minus
477 2884 568 2941 multa
589 2893 688 2960 patent
708 2883 737 2941 in
759 2902 859 2941 eorum

66 2981 133 3055 titt,
148 2999 216 3056 que
238 2978 353 3038 tonum
373 2978 466 3055 feriat,
481 2989 512 3042 et
525 2999 583 3060 quo
597 2979 697 3044 minua
707 2980 871 3046 multrare-
