1904 3750
79 590 121 651 85
415 597 622 646 odorricus.
846 594 886 655 [ι.
896 593 916 641 1.

166 746 260 807 XLV.
282 745 359 805 Illud
373 747 494 806 forsitan
507 746 695 822 quarendum
708 743 756 817 sit,
768 762 840 803 num
853 744 917 801 brec

128 845 329 918 communitae,
350 864 414 920 quae
438 845 562 903 maxime
585 853 630 901 est
651 853 717 918 apto
739 852 859 912 naturae,
880 840 918 898 ait

127 943 215 1000 etiam
248 941 440 1000 moderationi
469 940 675 1014 modestiaeque
702 957 814 1015 semper
841 948 920 996 ante-

127 1039 270 1117 ponenda.
323 1038 394 1096 Non
421 1039 525 1114 placet.
580 1038 656 1094 Sunt
682 1036 760 1094 enim
787 1035 920 1110 quaedam

99 1136 233 1213 epartim
253 1135 294 1193 ita
314 1135 399 1207 freda,
420 1135 525 1211 partim
544 1134 586 1191 ita
605 1133 757 1210 flagitiosa,
773 1142 805 1190 ut
823 1151 868 1203 ea,
882 1149 920 1189 ne

130 1232 333 1290 conservandae
354 1231 470 1307 quidem
489 1231 589 1307 patriae
609 1230 708 1301 causd,
728 1229 843 1304 sapiens
864 1228 922 1286 fac·

129 1337 212 1385 turus
226 1327 271 1386 sit.
313 1327 359 1385 Ea
371 1326 546 1385 Posidonius
566 1325 684 1402 collegit
703 1325 857 1400 permulta,
871 1324 922 1381 sed

131 1425 172 1483 ita
191 1435 266 1483 tetra
286 1423 427 1500 quaedam‚
442 1423 483 1481 ita
502 1424 649 1493 obscoena,
665 1431 696 1479 ut
710 1422 791 1478 dictu
807 1439 921 1497 quoque

131 1523 282 1579 videantur
316 1521 418 1597 turpia
473 1519 549 1577 Haec
575 1519 663 1596 igitur
692 1538 752 1575 non
785 1517 921 1593 suscipiet

88 1629 120 1681 10
132 1619 299 1697 reipublicae
320 1618 425 1688 causd3
452 1635 490 1673 ne
517 1635 563 1673 res
590 1616 706 1692 quidem
732 1615 850 1691 publica
869 1632 919 1690 pro

133 1736 165 1774 se
186 1715 293 1791 suscipi
318 1715 400 1772 volet.
443 1714 502 1770 Sed
529 1713 586 1770 hoc
614 1712 795 1770 commodius
821 1731 852 1769 se
878 1730 917 1768 res

134 1813 231 1883 habet,
258 1811 336 1887 quod
367 1829 427 1867 non
459 1819 555 1885 potest
583 1809 715 1867 accidere
742 1818 866 1884 tempus,
893 1826 915 1865 u

134 1908 248 1966 intersit
282 1907 458 1985 reipublice,
491 1906 647 1982 quidquam
681 1906 796 1963 illorum
831 1904 913 1962 lacer«

135 2005 304 2081 sapientem.

92 2105 123 2155 15
174 2101 277 2163 Quare
304 2099 361 2157 hoc
387 2099 503 2173 quidem
530 2099 667 2156 effectum
694 2098 741 2171 sit,
765 2098 796 2155 in
823 2097 911 2155 officii

136 2197 299 2274 deligendis
320 2197 348 2253 id
369 2215 462 2273 genus
488 2195 649 2253 officiorum
676 2196 827 2267 excellere,
852 2214 908 2270 quo

136 2304 268 2353 teneatur
290 2294 441 2351 hominum
468 2292 624 2350 societate:
653 2293 760 2349 etenim
788 2292 906 2369 cognitis

136 2410 204 2450 nem
225 2390 464 2465 prudentiamque
485 2388 613 2463 sequitur
638 2388 820 2447 considerata
843 2388 904 2446 actu

138 2486 184 2544 Ita
210 2485 251 2558 fit,
273 2496 305 2543 ut
333 2504 419 2562 agere
446 2485 626 2544 considerate
651 2484 742 2559 pluris
768 2484 815 2556 ait,
844 2504 901 2559 qua

93 2597 126 2646 20
140 2584 268 2662 cogitare
291 2583 455 2658 prudenter.
505 2582 603 2657 Atque
630 2581 692 2639 haec
720 2581 836 2655 quidem
863 2582 901 2639 ha

140 2691 240 2738 tenus:
267 2679 428 2755 patefactus
448 2688 491 2737 est
518 2678 595 2734 enim
618 2678 701 2734 locus
722 2677 793 2753 ipse,
814 2689 846 2735 ut
872 2698 899 2735 nr

141 2778 178 2835 sit
199 2776 326 2846 difficile,
348 2777 378 2833 in
399 2775 577 2849 exquirendo
600 2774 708 2845 officio,
729 2774 799 2848 quid
826 2775 897 2848 cuiq

142 2874 179 2931 sit
198 2871 435 2948 praeponendum,
450 2871 555 2928 videre.
597 2870 632 2927 ln
653 2871 715 2946 ipsit
737 2883 832 2927 autem
855 2890 895 2928 co:

143 2969 284 3028 munitate
297 2978 364 3025 sunt
378 2967 484 3044 gradus
498 2967 669 3038 officiorum,
684 2987 720 3025 ex
734 2967 848 3042 quibus,
863 2986 893 3042 qt

99 3077 131 3126 25
145 3066 249 3140 cuique
269 3073 393 3140 praestet,
414 3063 536 3139 intelligi
555 3063 663 3140 possit:
690 3074 722 3120 ut
748 3064 842 3139 prima
868 3063 892 3120 1]

145 3161 365 3231 immortalibus,
379 3159 507 3217 secunda
525 3159 634 3235 patrie,
650 3160 737 3218 tertia
756 3161 888 3236 parentib

144 3257 283 3335 deinceps
303 3256 445 3335 gradatim
464 3256 593 3334 reliquis,
607 3258 774 3318 debeantur.
815 3258 888 3322 Quil
