1904 3750
53 233 131 299 nn]
344 237 387 284 na
408 239 553 286 orrrcus
839 229 895 288 139

52 387 155 463 potius,
181 404 276 462 quam
306 385 436 443 maximis
463 387 593 461 eorporis
620 388 736 445 viribus.
781 387 848 462 Ipsa

53 483 125 541 inter
146 502 178 541 se
201 481 335 557 corporis
356 481 414 538 sie:
445 493 477 540 ut
498 483 575 540 bona
595 485 728 542 valetudo
749 486 847 562 volup·

53 581 103 638 tati
127 586 335 655 anteponatur,
357 577 431 634 vires
456 579 605 638 eeleritati.
653 581 845 640 Externorum

55 687 159 748 autem,
181 686 215 733 ut
236 673 332 752 gloria
352 673 467 746 divitiis,
484 676 637 752 vectigalia
657 678 767 736 urbane
786 699 846 737 rus·

54 774 125 832 ticis.
170 773 218 830 Ex
238 789 297 847 quo
325 789 431 846 genere
459 773 690 848 comparationis,
712 774 782 831 illud
803 782 877 834 ests

53 869 172 928 Catonis
207 867 302 935 senis;
339 884 356 922 a
383 884 439 939 quo
473 886 539 924 enm
567 881 749 944 quaereretur,
777 873 846 946 quid

53 967 178 1023 maxime
213 963 244 1020 in
279 980 311 1018 re
341 962 473 1020 familiari
506 964 662 1040 expediret,
691 968 845 1040 respondit,

54 1062 132 1120 Bene
158 1078 291 1137 pascere.
346 1059 428 1120 Quid
455 1061 635 1117 secunduml
669 1062 746 1117 Satis
773 1063 846 1120 bene

53 1177 180 1236 pascere.
222 1154 308 1219 Quid
335 1156 470 1213 tertiuml
491 1155 570 1213 Male
596 1175 723 1231 pascere.
763 1157 846 1218 Quid

55 1256 209 1331 quartuml
230 1254 334 1310 Arare.
377 1252 424 1323 Et,
447 1272 513 1310 eum
535 1253 593 1324 ille,
615 1253 664 1327 qui
685 1253 845 1327 quesierat,
862 1263 892 1312 10

55 1352 183 1422 dixisset,
216 1347 301 1412 Quid
336 1349 489 1406 loeneraril
523 1361 584 1406 tum
618 1350 700 1420 Cato,
735 1350 846 1411 “Quid

57 1448 231 1519 hominem‚”
258 1445 360 1520 inquit,
389 1447 597 1503 “occiderel”
649 1447 694 1504 Ex
721 1467 788 1522 quo,
817 1459 846 1506 et

57 1546 150 1603 multis
171 1544 245 1615 aliis,
269 1541 390 1618 intelligi
412 1542 507 1613 debet,
522 1543 677 1600 utilitatum
699 1563 846 1620 compara·

57 1643 148 1700 tiones
168 1639 232 1699 fieri
253 1639 357 1709 solere,
372 1649 506 1712 reeteque
528 1641 582 1696 hoe
602 1641 768 1716 adjunctum
782 1661 845 1699 esse

58 1749 186 1813 quartum
200 1735 444 1812 exquirendorum
458 1736 617 1793 officiorum
632 1757 732 1814 genus.
860 1747 891 1797 15

94 1835 153 1893 Sed
179 1844 244 1891 toto
272 1832 329 1888 hoe
357 1831 392 1887 de
419 1850 535 1907 genere,
561 1832 597 1889 de
621 1834 784 1908 quarendi,
808 1836 844 1893 de

57 1931 227 1990 collocandd
248 1927 385 2005 pecunia,
406 1928 492 1985 etiam
516 1929 553 1984 de
579 1930 697 2000 utenda,
719 1949 845 1988 eommo-

57 2029 117 2086 dins
145 2049 162 2086 a
189 2024 363 2103 quibusdam
396 2025 513 2099 optimis
546 2025 614 2081 viris
648 2027 683 2083 ad
717 2028 845 2085 medium

56 2124 159 2184 Janum
187 2120 367 2191 sedentibus,
394 2139 481 2194 quem
509 2120 544 2177 ab
572 2121 637 2177 ullis
666 2121 845 2197 philosophis

56 2223 110 2280 ult
131 2223 162 2280 in
183 2218 297 2288 scholi,
312 2216 480 2292 disputatur.
523 2217 597 2273 Sunt
617 2225 714 2273 tamen
728 2235 764 2274 ea
777 2235 845 2294 eog-
859 2226 891 2276 20

55 2318 217 2377 uoseenda:
239 2313 386 2390 pertinent
406 2314 483 2369 enim
505 2313 540 2369 ad
559 2311 721 2382 utilitatem,
736 2313 773 2368 de
787 2313 844 2387 qud

55 2415 105 2474 hoo
130 2416 208 2473 libro
237 2410 414 2484 disputatum
441 2420 493 2466 est
548 2408 675 2482 Reliqua
706 2407 844 2483 deinceps

54 2527 266 2590 persequemur.
