1904 3750
59 236 137 298 ant
357 234 400 283 na
420 236 565 285 onerans.
844 225 901 284 llo

60 385 260 461 persequimur
283 384 404 461 ingenio
425 403 459 443 ac
478 386 600 458 ratione,
615 384 760 462 graviores
777 394 854 455 sunt,

60 500 144 556 quarn
160 482 228 553 illan,
243 501 318 558 quas
332 480 447 540 viribus.
489 481 586 539 Prima
607 482 694 559 igitur
710 501 856 540 commen·

61 578 138 635 datio
164 577 365 655 proficiscitur
392 597 408 635 a
431 578 581 651 modestirl,
602 589 663 636 turn
690 579 797 654 pietate
824 579 854 636 in

61 683 205 748 parentes,
226 683 290 730 tum
312 672 343 728 in
363 691 430 730 suos
454 673 662 732 benevolentid.
703 674 854 732 Facillime

63 780 157 826 autem
173 769 247 825 etin
262 768 401 843 optimam
421 778 530 844 partem
552 782 767 847 cognoscuntur
789 771 884 828 ado-5

61 862 215 935 lescentes,
237 865 288 940 qui
313 882 344 920 se
370 865 405 921 ad
429 865 522 922 claros
548 876 578 924 et
601 867 745 943 sapientes
767 867 853 939 viros,

62 960 135 1017 bene
156 961 346 1018 consulentes
369 961 545 1037 reipublicae,
567 963 766 1020 contulerunt:
795 963 855 1038 qui·

61 1056 185 1113 busoum
206 1057 231 1113 si
251 1057 417 1130 frequentes
444 1067 520 1129 sunt,
540 1057 705 1134 opinionem
734 1058 854 1114 afferunt

60 1153 179 1228 populo,
199 1172 301 1210 eorum
323 1152 384 1210 fore
403 1153 521 1226 similes,
536 1173 607 1228 quos
627 1153 682 1210 sibi
705 1153 759 1229 ipsi
780 1153 855 1210 dele·

60 1249 156 1324 gerint
172 1248 207 1305 ad
222 1248 403 1307 imitandum.
869 1260 899 1309 1⁰

100 1344 131 1402 P.
162 1343 267 1403 Rutilii
305 1344 539 1420 adolescentiam,
568 1348 603 1405 ad
633 1345 798 1422 opinionem
825 1355 854 1402 et

61 1439 237 1498 innocentiae
258 1452 288 1498 et
307 1440 380 1516 juris
394 1442 533 1514 scientiae,
547 1444 579 1501 P.
595 1443 688 1500 Mucii
710 1461 854 1500 commen-

62 1534 139 1592 davit
167 1537 277 1594 domus.
322 1535 399 1594 Nam
428 1539 460 1596 L.
484 1540 600 1614 quidem
628 1541 760 1611 Crassus,
785 1558 852 1597 cunr

61 1643 137 1689 esset
159 1633 315 1690 admodum
338 1633 515 1706 adolescens,
531 1655 589 1693 non
611 1637 726 1694 aliunde
743 1648 853 1694 mutua·

61 1738 107 1784 tus
127 1740 181 1799 est,
203 1730 254 1786 sed
276 1729 332 1786 sibi
353 1729 413 1804 ipsc
433 1733 543 1807 peperit
563 1734 716 1792 maximam
737 1735 851 1792 laudern
867 1742 898 1791 15

61 1842 97 1880 ex
117 1824 166 1882 illa
190 1825 380 1883 accusatione
403 1828 494 1885 nobili
518 1839 547 1886 et
570 1830 712 1906 gloriosl:
734 1840 772 1903 et,
795 1831 852 1906 qud

62 1931 154 1992 state,
169 1922 217 1997 qui
238 1934 421 1995 exercentur,
436 1924 520 1982 laude
542 1927 616 1984 affici
637 1927 740 1998 solent,
756 1927 802 2004 (ut
815 1928 852 1984 ds

61 2013 260 2073 Demosthene
289 2019 466 2098 accepimus)
495 2020 529 2077 eri
557 2033 640 2078 aetate
668 2022 700 2079 L.
729 2023 851 2079 Crassus

61 2112 196 2182 ostendit,
211 2112 241 2169 id
263 2112 345 2168 sein
366 2114 429 2171 soro
449 2117 557 2191 optime
574 2117 633 2192 jam
655 2115 759 2189 facere,
775 2118 851 2190 quod

61 2207 224 2265 etiamtum
238 2218 350 2283 poterat
364 2210 442 2268 domi
457 2230 522 2269 cum
538 2212 623 2269 laude
637 2212 778 2269 meditari.
865 2228 897 2275 20

97 2399 183 2458 XIV.
215 2401 285 2471 sed,
313 2420 380 2458 curn
407 2403 512 2480 duplex
539 2404 612 2462 ratio
638 2404 676 2461 sit
703 2404 851 2476 orationis,

61 2515 180 2571 quarum
202 2497 233 2554 in
256 2496 346 2555 alterd
366 2501 521 2571 ammonit,
536 2500 565 2557 in
581 2500 670 2558 alterd
685 2499 851 2570 contentio;

60 2609 118 2650 non
139 2592 233 2650 estid
254 2594 371 2668 quidem
392 2595 522 2668 dubium,
537 2598 606 2672 quin
626 2596 774 2654 contentio
790 2614 852 2653 ora·

59 2687 147 2747 tionis
171 2689 311 2765 majorem
336 2690 392 2747 vim
413 2691 518 2749 habeat
540 2694 574 2750 ad
595 2693 733 2770 gloriam:
755 2710 790 2749 ea
808 2703 851 2750 est

59 2786 146 2855 enim,
168 2804 256 2860 quam
277 2785 472 2860 eloquentiam
500 2788 632 2847 dicimus.
674 2789 733 2846 Sed
754 2800 850 2847 tamen
863 2798 896 2848 2⁵

59 2880 177 2939 difficile
198 2881 278 2939 dictu
300 2894 353 2954 est,
374 2895 551 2960 quantopere
574 2885 712 2942 conciliet
740 2886 851 2944 animos

59 2975 209 3038 hominum
230 2978 353 3038 comitas
374 2979 586 3063 affabilitasque
606 2983 766 3047 sermonis,
800 2982 870 3044 lla·
