1904 3750
73 633 133 706 1⁰0
228 640 230 643 ’
406 649 450 697 br:
471 649 617 698 osricus.
824 647 864 709 [a.
874 646 906 694 11.

117 806 255 869 nostram,
282 797 328 855 his
360 798 499 872 fortunas,
527 797 571 856 his
602 797 719 869 liberos,
744 791 905 855 rectissime

117 893 258 952 committi
285 894 462 953 arbitramur.
518 895 630 953 Harum
658 894 746 971 igitur
772 893 905 964 duarum,

117 991 154 1049 ad
173 991 260 1049 fidem
280 992 452 1064 faciendam,
470 992 659 1068 Justitiaplus
672 991 777 1066 pollet3
799 990 905 1066 quippe

117 1105 184 1145 cum
198 1106 242 1163 ea,
254 1087 316 1146 siue
329 1089 493 1164 prudentii,
505 1088 573 1146 satis
587 1087 692 1146 habeat
707 1087 904 1157 auctoritatis;

85 1184 276 1262 optumatis,
291 1185 353 1243 sine
364 1185 485 1261 justitid‚
499 1185 572 1242 nihil
586 1185 678 1242 vulcat
692 1185 727 1242 ad
742 1185 906 1242 saoicndam

115 1282 211 1341 fidem.
251 1282 323 1344 Quo
340 1283 419 1341 euim
432 1283 496 1358 quis
510 1282 649 1340 versutior
663 1292 692 1339 et
706 1281 837 1339 callidior
851 1291 905 1352 est,

115 1378 174 1437 hoc
206 1379 323 1439 invisior
350 1390 380 1438 et
406 1380 575 1456 suspectior,
602 1379 733 1437 detracti
768 1379 906 1454 opinione

114 1477 275 1553 probitatis,
334 1477 532 1540 Quamobrem
567 1475 763 1554 intelligentia
795 1475 906 1553 justitia

117 1572 281 1650 conjuncta,
297 1583 435 1648 quantum
449 1574 533 1645 volet,
549 1573 676 1644 habebit,
692 1573 727 1630 ad
742 1572 904 1630 faciendam

71 1667 213 1741 lotidem,
234 1670 354 1727 virium:
374 1669 494 1746 justitia,
515 1670 578 1727 sine
597 1669 761 1746 prudentii,
783 1669 904 1725 multum

115 1765 237 1842 poterit:
258 1765 321 1824 sine
332 1765 454 1842 justitiis,
469 1766 540 1823 nihil
555 1766 661 1824 valebit
673 1765 834 1841 prudentia.

155 1957 195 2015 X.
217 1957 286 2029 Sed,
300 1977 338 2015 ne
357 1957 420 2034 quis
439 1958 476 2016 sit
490 1959 655 2029 admiratus,
671 1978 732 2030 cur,
748 1977 814 2015 cum
829 1957 899 2015 inter

117 2071 217 2110 omnes
236 2054 421 2131 philosophos
441 2065 563 2127 constet,
586 2075 603 2113 a
621 2074 724 2130 meque
745 2055 808 2130 ipso
829 2074 896 2130 saepr

116 2149 292 2226 disputatum
306 2150 352 2223 sit,
366 2152 415 2227 qui
436 2171 523 2209 unam
542 2151 670 2223 haberet,
684 2171 784 2209 omnes
798 2151 894 2209 haber<

72 2245 103 2295 15
116 2246 245 2320 virtutes,
265 2266 345 2306 nuuc
372 2248 413 2307 ita
438 2249 597 2326 sejungam,
619 2249 700 2324 quasi
720 2249 808 2325 possit
829 2249 891 2323 quis

116 2363 212 2419 quam,
233 2345 281 2421 qui
308 2364 368 2403 non
389 2345 463 2403 idem
491 2347 615 2422 prudens
637 2346 683 2417 sit,
703 2347 796 2422 justus
823 2365 887 2402 esse

117 2439 231 2498 aliaest
245 2441 303 2512 illa,
318 2461 386 2499 cum
400 2443 504 2500 veritas
525 2443 587 2518 ipsa
606 2444 720 2500 limatur
735 2443 765 2500 in
779 2444 886 2518 disputa

116 2536 207 2609 tione,
228 2538 387 2610 subtilitas;
411 2540 475 2608 alia,
497 2559 563 2598 cum
586 2540 620 2597 ad
641 2539 805 2615 opinionem
828 2559 883 2597 con

117 2652 234 2698 munem
260 2636 354 2695 omnis
383 2637 614 2695 accommodatur
641 2637 740 2694 oratio.
794 2636 881 2698 Quan

71 2729 103 2778 2⁰
118 2731 227 2803 obrem,
243 2742 274 2789 ut
288 2733 398 2810 vulgus,
414 2734 454 2791 ita
473 2753 526 2791 nos
547 2734 602 2790 hoc
622 2733 688 2790 loco
708 2733 859 2808 loquimur,
874 2753 878 2784 r

119 2827 190 2884 alios
210 2828 307 2900 sortes,
330 2830 401 2887 alios
422 2831 514 2887 bonos
534 2829 618 2901 viros,
641 2831 712 2887 alios
738 2830 876 2904 prudente

118 2923 256 2982 dicamus.
298 2925 486 3001 Popularibus
505 2926 581 2984 enim
595 2927 689 2983 verbis
703 2938 746 2983 est
762 2927 874 3003 agendu

118 3028 148 3077 et
168 3021 288 3091 usitatis,
303 3040 369 3079 cum
389 3022 531 3097 loquimur
546 3023 581 3079 de
595 3024 733 3098 opinione
755 3025 871 3099 popular

119 3115 205 3192 idque
232 3117 334 3177 eodem
360 3118 448 3175 modo
476 3119 545 3177 fecit
574 3119 727 3178 Panaetius.
783 3122 842 3179 Sed

73 3217 105 3266 25
118 3213 295 3290 propositum
308 3223 492 3272 revertamur.

153 3307 229 3367 Erat
248 3309 346 3389 igitur,
367 3329 403 3368 ex
422 3311 513 3370 tribus
532 3331 595 3389 quae
617 3313 653 3371 ad
673 3314 795 3390 gloriam
822 3335 863 3392 per

98 3411 187 3476 nent,
209 3407 272 3468 boo
300 3407 432 3485 tertium,
451 3419 497 3486 ut,
516 3429 585 3471 curn
607 3410 797 3473 admiratione
819 3413 861 3474 bor
