1904 3750
57 243 81 288 n.
91 243 121 303 i]
356 241 401 290 nn
419 241 564 290 cuncus
859 234 900 295 25

61 390 190 459 Volscos,
211 390 350 463 Sabinos,
366 389 524 463 Hernicos,
546 390 576 448 in
597 389 744 448 civitatem
763 390 853 449 etiam

61 498 252 564 occeperunt:
276 498 305 546 at
320 488 529 565 Carthaginem
543 497 573 545 et
586 487 775 545 Numantiam
789 488 853 545 fun·

60 585 132 643 ditus
146 573 346 643 sustulerunt:
368 585 474 643 nollem
491 585 679 643 Corinthum:
701 585 750 642 sed
765 584 853 644 credo

61 681 165 758 aliquid
180 692 308 754 secutos,
325 682 567 758 opportunitatem
587 682 646 739 loci
666 681 852 754 marimens

59 789 155 855 posset
170 779 329 854 aliquando
344 779 380 835 ad
395 777 501 836 bellum
515 779 680 837 faciendum
693 779 776 838 locus
791 778 852 854 ipsa
866 789 884 838 5

61 876 215 933 adhortari.
259 874 331 933 Mea
343 875 459 949 quidem
478 876 631 949 sententia,
644 876 721 953 paci,
733 896 796 952 quae
810 876 853 933 ni·

59 971 96 1029 hil
111 973 248 1031 habitura
262 973 301 1030 sit
315 972 495 1044 insidiarum,
511 991 622 1048 semper
635 984 680 1030 est
700 973 853 1031 consulen-

59 1069 134 1127 dum.
177 1070 213 1127 In
238 1088 299 1144 quo
323 1069 349 1126 si
369 1069 439 1127 mihi
460 1080 536 1128 esset
555 1070 800 1144 obtemperatum
828 1070 852 1127 si

59 1184 116 1223 non
125 1167 279 1242 optimam,
291 1178 319 1223 at
331 1166 454 1240 aliquam
465 1166 674 1242 rempublicam
686 1164 763 1242 (quae
774 1184 853 1223 nunc

59 1263 137 1321 nulla
151 1265 209 1343 est)
226 1263 409 1320 haberemus.
451 1263 490 1320 Et
507 1282 574 1320 cum
589 1263 634 1333 iis,
646 1259 722 1337 ‘quos
737 1261 764 1318 vi
779 1261 854 1318 devi-
869 1271 900 1320 10

59 1361 142 1432 ceris,
154 1359 368 1418 consulendum
381 1369 423 1416 est
434 1380 440 1429 ;
462 1371 523 1417 tum
534 1360 565 1431 ii,
575 1358 634 1434 qui,
646 1358 731 1416 armis
742 1358 852 1433 positis,

59 1457 93 1512 nd
112 1457 323 1532 imperatorum
344 1455 429 1512 fidem
450 1456 628 1533 confugient,
643 1455 772 1532 quamvis
793 1474 854 1514 mu·

58 1571 119 1610 rum
143 1554 219 1611 aries
242 1552 426 1628 percusserit,
448 1553 608 1629 recipiendi
630 1564 704 1611 sunt.
746 1552 780 1610 In
796 1573 852 1628 quo

59 1659 210 1726 tantopere
237 1649 314 1725 apud
335 1658 448 1706 nostros
466 1649 578 1726 justitia
590 1650 676 1716 ,culta
696 1659 748 1722 est,
769 1661 800 1708 ut
820 1650 851 1722 ii,

60 1747 107 1821 qui
121 1748 257 1804 civitates
273 1756 323 1804 aut
336 1746 468 1803 nationes
482 1747 609 1804 devictas
627 1748 703 1805 bello
722 1748 752 1805 in
766 1747 851 1805 fidem
868 1763 900 1811 15

60 1844 251 1920 recepissent,
263 1861 362 1899 earum
376 1835 488 1919 patroni
499 1854 594 1901 essent
608 1863 688 1902 more
702 1844 850 1919 majorum.

97 1941 146 1998 Ac
174 1940 245 1996 belli
270 1939 386 2014 quidem
411 1941 529 2015 aequitas
552 1941 731 1999 sanctissime
756 1941 852 1999 sociali

59 2036 158 2112 populi
180 2036 312 2094 Romani
330 2037 395 2112 jure
414 2037 573 2113 perscripta
586 2048 637 2095 est.
680 2037 725 2095 Ex
739 2057 796 2112 quo
810 2039 852 2095 in·

59 2134 151 2210 telligi
172 2141 278 2209 potest,
299 2133 411 2190 nullum
439 2134 545 2191 bellum
572 2153 635 2191 esse
656 2133 774 2209 justum,
794 2134 851 2190 nisi

60 2231 135 2305 quod
158 2239 209 2288 aut
229 2231 317 2287 rebus
336 2230 465 2305 repetitis
485 2241 611 2308 geratur,
633 2240 682 2287 aut
703 2229 852 2286 denuntio·
866 2239 898 2288 20

60 2337 119 2384 tum
136 2338 204 2384 ante
219 2326 266 2398 sit,
281 2336 310 2383 et
328 2327 477 2385 indictum.
520 2327 678 2401 Pompilius
698 2325 851 2399 imperator

61 2424 177 2480 tenebat
198 2423 394 2498 provinciam:
422 2423 452 2480 in
475 2423 558 2500 cujus
578 2422 708 2480 exercitu
731 2420 852 2478 Catonis

61 2519 136 2576 lilius
149 2520 208 2577 tiro
222 2519 371 2576 militabat.
414 2520 488 2577 Cum
505 2530 599 2577 autern
618 2517 761 2593 Pompilio
776 2516 853 2573 vide·

61 2625 138 2674 retur
154 2634 243 2673 unam
262 2616 406 2674 dimittere
420 2617 581 2694 legionem3
603 2614 724 2673 Catonis
737 2631 851 2687 quoque

61 2711 161 2784 lilium,
177 2712 227 2786 qui
248 2712 279 2769 in
300 2712 403 2769 eisdem
424 2713 539 2791 legione
562 2712 714 2782 militabat,
733 2709 849 2767 dimisit.
866 2715 899 2764 25

62 2807 120 2866 Sed
135 2827 213 2882 cnm,
230 2828 327 2867 amore
340 2810 498 2886 pugnandi,
513 2810 543 2866 in
558 2808 686 2866 exercitu
701 2805 851 2864 remansis·

62 2915 115 2977 set,
125 2905 203 2963 Cato
213 2905 248 2963 ad
259 2906 434 2982 Pompilium
445 2907 568 2982 scripsit,
578 2915 620 2977 ut,
629 2904 654 2962 si
664 2922 730 2962 eum
740 2913 851 2982 patere·

62 3011 108 3058 rur
120 3001 152 3058 in
165 3004 293 3063 exercitu
307 3021 471 3085 remancre,
486 3006 621 3071 secundo
635 3024 708 3071 eum
719 3005 873 3085 obligaret

247 3100 270 3158 3
