1904 3750
57 236 135 297 nn]
354 235 396 283 nu
418 235 562 282 orrrcns.
841 219 917 289 137Ι

56 385 205 460 publicam
229 382 369 455 continet,
390 403 475 460 quam
495 383 582 454 fides;
608 400 670 456 quae
689 400 752 439 esse
772 381 852 439 nulla

57 492 164 557 potest,
178 481 239 538 nisi
255 480 310 537 erit
328 481 491 538 necessaria
504 481 607 538 solutio
621 498 717 536 rerum
731 479 851 536 credita·

58 597 131 636 rum.
173 577 336 651 Nunquam
356 577 552 634 vehementius
574 586 670 634 actum
692 587 744 648 est,
766 595 851 651 quam

59 691 106 731 me
134 673 267 745 consule,
289 691 326 729 ne
352 672 515 731 solveretur.
569 673 667 730 Armis
693 683 722 729 et
749 672 850 729 castris

59 779 171 827 tentata
198 788 244 826 res
271 778 316 826 est
343 769 378 826 ab
404 768 483 826 omni
510 787 616 845 genere
647 769 794 826 hominurn
821 768 879 825 et5

60 866 163 922 ordine
172 886 180 934 ;
203 865 308 939 quibus
322 864 364 921 sic
377 864 478 936 restiti,
494 877 525 921 ut
539 865 595 921 hoc
615 873 726 921 tanturn
744 864 850 921 malurn

62 960 98 1016 (le
121 960 274 1036 republica
298 961 453 1018 tolleretur.
504 960 661 1034 Nunquam
682 977 737 1016 nec
758 959 850 1035 majus

63 1076 101 1114 aas
122 1057 249 1114 alienum
271 1056 334 1128 fuit,
354 1075 409 1115 nec
429 1056 532 1113 melius
552 1074 607 1112 nec
628 1054 741 1111 facilius
761 1056 850 1111 disso-

62 1153 154 1211 lutum
169 1164 220 1211 est.
263 1153 429 1210 Fraudandi
450 1153 526 1210 enim
541 1170 591 1228 spe
605 1150 726 1221 sublatis,
741 1149 850 1206 solven-

64 1250 92 1306 di
111 1251 272 1321 necessitas
293 1259 450 1306 consecuta
470 1259 521 1306 est.
562 1249 684 1306 atvero
698 1246 757 1317 hic,
771 1264 849 1302 nunc
865 1249 895 1298 10

64 1346 164 1417 victor,
185 1356 248 1403 tum
276 1344 392 1419 quidem
417 1344 520 1415 victus,
548 1363 610 1419 quae
638 1342 787 1419 cogitarat,
816 1360 850 1399 ea

64 1443 193 1516 perfecit,
209 1460 277 1499 curn
298 1441 360 1516 ejus
378 1441 438 1516 jam
459 1441 530 1497 nibil
552 1440 709 1496 interesset.
752 1437 851 1495 Tanta

65 1537 94 1595 in
114 1557 150 1597 eo
173 1537 318 1614 peccandi
341 1537 430 1594 libido
454 1537 516 1608 luit,
539 1548 571 1594 ut
591 1537 647 1593 hoc
670 1536 762 1611 ipsum
783 1554 850 1592 eum

65 1614 230 1706 delectaret,
244 1651 378 1709 peccare,
393 1634 479 1690 etiarn
493 1633 516 1690 si
531 1652 619 1690 causa
631 1652 690 1691 non
704 1643 786 1692 esset.

102 1731 150 1787 Ab
161 1731 218 1788 hoc
233 1730 322 1806 igitur
335 1747 441 1805 genere
454 1729 624 1805 largitionis,
637 1740 668 1786 ut
679 1729 742 1786 aliis
756 1731 848 1800 detur,
865 1730 895 1778 15

66 1826 127 1883 aliis
142 1826 298 1895 auferatur,
314 1826 434 1882 aberunt
450 1825 480 1898 ii,
495 1825 543 1900 qui
564 1825 769 1901 rempublicam
790 1836 850 1881 tue-

66 1922 186 1980 buntur:
209 1923 238 1980 in
252 1922 408 1998 primisque
422 1941 535 1998 operam
554 1922 672 1993 dabunt,
687 1913 719 1978 ut
736 1921 808 1998 juris
822 1931 851 1978 et

62 2018 236 2094 judiciorum
264 2018 397 2093 acquitate
423 2037 507 2076 suum
530 2018 649 2092 quisque
675 2027 787 2086 teneat;
821 2028 851 2073 et

66 2133 157 2190 neque
184 2115 330 2171 tenuiores
361 2125 473 2189 propter
507 2113 696 2169 humilitatem
730 2113 852 2170 circum·

68 2210 226 2280 veniamur,
238 2227 331 2284 neque
345 2209 545 2283 locupletibus,
559 2207 594 2264 ad
607 2225 659 2262 sua
670 2207 712 2262 vel
727 2207 852 2263 tenenda
865 2208 897 2256 2⁰

66 2305 108 2362 vel
122 2304 331 2380 recuperanda,
345 2304 420 2360 obsit
434 2304 557 2361 invidia:
578 2312 724 2378 praeterea,
738 2300 852 2375 quibus·

67 2418 189 2476 cumque
210 2401 297 2457 rebus
310 2400 354 2456 vel
375 2400 442 2457 belli
456 2401 499 2456 vel
518 2399 595 2456 domi
616 2409 759 2472 poterunt,
780 2414 852 2452 rem-

66 2498 211 2571 publicam
240 2505 365 2571 augeant
392 2495 521 2571 irnperio,
547 2494 632 2571 agris,
654 2480 851 2570 vectigalibus.

67 2591 138 2651 Haec
159 2610 331 2670 magnorum
352 2593 500 2649 hominum
520 2602 601 2662 sunt3
623 2591 685 2648 haec
706 2589 780 2665 apud
795 2607 853 2646 ma·

63 2688 138 2765 jores
159 2699 276 2746 nostros
299 2687 442 2757 factitata;
471 2688 533 2745 haec
560 2705 667 2764 genera
692 2685 851 2742 officiorum
866 2693 898 2742 25

65 2787 110 2862 qni
131 2794 355 2864 persequuntur,
376 2802 443 2840 cum
463 2785 574 2840 summa
596 2783 717 2841 utilitate
741 2781 853 2856 reipub-

63 2881 126 2942 licae
153 2898 293 2960 magnam
320 2878 375 2955 ipsi
403 2879 596 2954 adipiscentur
623 2889 652 2938 et
678 2877 799 2955 gratiam
825 2885 853 2934 ct

62 2980 195 3058 gloriam.

297 3072 337 3132 12
349 3073 366 3110 ⁸*
