1904 3750
72 651 130 712 12⁰
406 664 450 711 on
471 664 616 712 oamcua.
824 663 905 723 [nn.

115 811 214 885 velint,
228 831 287 871 non
307 822 388 871 tanta
407 812 502 870 studia
522 821 711 888 assequuntur
731 829 829 870 eorum
843 813 905 888 qui·

115 910 169 968 bus
182 910 332 982 dederunt,
347 919 455 985 quanta
474 909 540 968 odia
560 927 658 967 eorum
671 907 775 984 quibus
792 909 904 968 ademe-

114 1017 189 1065 runt.
240 1006 440 1068 Quamobrem
463 1025 519 1064 nec
543 1006 583 1063 ita
606 1005 769 1063 claudenda
791 1017 834 1064 est
857 1025 904 1066 res

114 1103 272 1176 familiaris,
287 1115 319 1161 ut
332 1123 396 1162 eam
411 1100 574 1180 benignitas
593 1103 702 1178 aperire
722 1122 782 1160 non
795 1103 903 1178 possit;

81 1202 169 1258 bnec
191 1200 231 1257 ita
250 1200 415 1271 reseranda,
435 1209 467 1258 ut
486 1208 583 1274 pateat
602 1199 745 1257 omnibus.
796 1197 903 1257 Modus

114 1296 293 1369 adhibeatur,
315 1297 396 1372 isque
417 1296 555 1353 reseratur
576 1295 612 1352 ad
633 1295 793 1352 facultates.
834 1295 904 1353 Om-

113 1393 183 1452 nino
210 1393 376 1450 meminisse
407 1393 546 1450 debemus
572 1391 611 1462 id,
639 1392 726 1468 quod,
755 1411 770 1450 a
797 1392 903 1451 nostris

113 1490 277 1548 hominibus
303 1489 461 1565 saepissime
487 1500 665 1564 usurpatum,
697 1488 756 1564 jam
783 1489 813 1546 in
839 1508 903 1565 pro·

112 1586 203 1645 verbii
228 1586 466 1644 consuetudinem
493 1585 580 1657 venit,
605 1585 814 1661 “largitionem
839 1586 902 1644 sun·

67 1688 98 1738 10
113 1684 182 1741 dum
206 1703 262 1741 non
287 1683 420 1740 habere.’'
463 1681 580 1739 Etenim
601 1681 664 1756 quis
684 1692 778 1757 potest
800 1682 901 1739 modus

113 1799 186 1852 esse,
201 1799 268 1837 cum
283 1790 311 1837 et
325 1779 411 1850 idem,
426 1779 475 1853 qui
497 1778 683 1849 consuerunt,
698 1789 726 1835 et
741 1779 816 1835 idem
832 1779 901 1837 illud

114 1876 172 1947 alii,
187 1876 369 1933 desiderentl

152 2069 234 2127 XVI.
270 2069 398 2127 Omnino
431 2070 489 2127 duo
516 2081 583 2128 sunt
610 2089 717 2147 genera
745 2070 900 2148 largorum,

112 2184 233 2240 quorum
256 2165 337 2222 alteri
354 2167 478 2242 prodigi,
495 2166 576 2223 alteri
589 2167 730 2224 liberales.
771 2168 900 2244 Prodigi,

66 2273 98 2321 15
113 2262 163 2336 qui
189 2261 290 2337 epulis,
318 2272 347 2319 et
373 2262 622 2333 viscerationibus,
651 2274 680 2319 et
711 2264 901 2340 gladiatorum

112 2358 289 2430 muneribus,
316 2357 448 2415 ludorum
477 2359 719 2433 venationumque
754 2372 900 2435 apparatu,

111 2454 251 2529 pecunias
272 2455 449 2531 profundunt
470 2455 500 2512 in
521 2474 571 2512 eas
591 2475 646 2527 res,
660 2475 779 2531 quarum
795 2476 902 2515 memo·

112 2551 183 2608 riam
206 2562 255 2608 aut
275 2552 399 2623 brevem,
415 2563 464 2610 aut
481 2552 589 2609 nullam
604 2553 732 2623 omnino,
747 2553 805 2611 sint
819 2555 901 2610 relic·

112 2649 178 2704 turi.
227 2648 375 2705 Liberales
390 2660 495 2719 autem,
510 2649 559 2723 qui
573 2649 633 2705 suis
647 2649 831 2707 facultatibus
853 2662 900 2707 aut

66 2750 97 2800 20
113 2755 211 2820 captos
233 2763 250 2801 a
267 2745 451 2820 praedonibus
472 2744 626 2815 redimunt,
646 2756 695 2801 aut
715 2765 754 2803 aes
775 2741 899 2803 alienum

112 2841 274 2916 suscipiunt
289 2840 457 2907 amicorum,
471 2851 519 2897 aut
531 2840 559 2897 in
572 2840 693 2898 filiarum
708 2842 899 2900 collocatione

113 2936 258 3013 adjuvant,
274 2946 322 2993 aut
342 2937 516 3011 opitulantur
538 2937 568 2993 in
585 2956 616 2994 re
631 2938 674 2994 vel
688 2940 842 3012 quaerendi
856 2940 897 2997 vel

114 3032 253 3108 augendi.
295 3031 397 3106 Itaque
411 3032 508 3104 miror,
524 3033 592 3107 quid
608 3033 636 3091 in
652 3045 777 3091 mentem
791 3036 893 3093 venerit

113 3128 323 3204 Theophrasto,
352 3127 381 3185 in
415 3148 450 3186 eo
483 3129 566 3201 libro,
598 3149 682 3204 quem
716 3131 752 3188 de
785 3131 890 3190 Divitiii

66 3223 238 3298 asscripsit,
260 3223 289 3279 in
310 3242 366 3297 quo
386 3224 476 3281 multa
495 3225 647 3300 praeclme3
669 3225 738 3282 illud
761 3228 883 3286 absurde

105 3329 151 3373 est
175 3319 255 3376 enim
281 3319 388 3376 multus
412 3320 441 3376 in
465 3320 609 3379 laudanda
633 3323 849 3399 magnificentiis
873 3345 885 3382 e

93 3416 297 3486 apparatione
327 3417 517 3502 ,popularium
547 3437 715 3489 munerum3
746 3421 882 3498 taliumqu
