1904 3750
82 212 122 303 60
183 288 185 293 ,
284 252 421 310 LAELIUS,
439 251 514 298 SIVE
534 250 577 297 DE
600 249 757 297 turornis.

127 418 187 457 non
198 418 271 479 egeo
281 398 444 458 medicina:
466 417 513 456 me
527 398 587 474 ipse
598 398 743 469 consolor,
755 407 785 455 et
794 395 924 455 maxime

128 497 179 555 illo
192 497 306 569 solatio,
317 495 394 571 quod
408 515 444 554 eo
458 515 556 554 errore
570 514 665 567 careo,
677 514 745 570 quo,
758 493 919 553 amicorum

14 646 17 653 .
71 585 75 593 ’
114 576 260 666 decessu,
272 593 402 670 plerique
421 593 488 671 angi
506 592 608 650 solent.
648 591 732 649 Nihil
751 590 830 650 euim
848 589 918 649 mali

130 691 270 749 accidisse
294 690 426 766 Scipioni
449 701 537 766 puto:
562 689 633 747 mihi
657 688 775 761 accidit,
799 687 918 763 siquid

97 787 244 845 occcidit.
286 787 355 845 Suis
376 798 471 845 autem
492 786 685 844 incommodis
700 785 825 862 graviter
839 785 917 863 angi,

128 902 187 941 non
202 884 338 956 amicum,
353 885 403 941 sed
418 884 545 959 seipsum
560 883 682 940 amantis
695 892 748 940 est.

167 980 243 1038 Cum
258 981 307 1038 illo
321 999 388 1039 vero
402 981 467 1055 quis
480 990 568 1059 neget
582 990 676 1038 actum
688 998 752 1036 esse
761 979 918 1055 praeclaret

128 1076 195 1134 Nisi
210 1078 287 1135 enim
303 1077 394 1153 (quod
409 1078 457 1135 ille
470 1077 589 1134 minime
602 1077 735 1156 putabat)
752 1075 920 1134 immortali·

128 1183 216 1231 tatem
238 1175 449 1259 optarenvellet,
465 1174 534 1249 quid
554 1193 612 1231 non
632 1183 676 1230 est
697 1172 827 1248 adeptus,
841 1171 917 1248 quod

83 1277 114 1327 10
129 1270 240 1328 homini
254 1270 296 1328 fas
311 1280 385 1327 esset
400 1271 516 1346 optaret
537 1269 585 1344 qui
600 1287 740 1325 summam
755 1287 836 1344 spem
849 1266 920 1325 ciri·

128 1385 187 1439 um,
202 1387 286 1442 quam
308 1367 343 1423 de
364 1385 399 1423 eo
416 1366 475 1442 jam
489 1384 579 1440 puero
594 1365 762 1436 habuerant,
778 1365 920 1422 contlnuo

129 1463 298 1520 adolescens
312 1461 476 1518 incredibili
487 1461 591 1518 virtute
605 1459 764 1536 superavit:
786 1461 835 1535 qui
850 1479 921 1519 con·

128 1558 251 1614 sulatum
265 1557 366 1632 petivit
382 1576 538 1631 nunquam,
554 1557 647 1613 sactus
667 1567 711 1614 est
731 1557 834 1614 consul
854 1557 918 1614 bis:

126 1653 250 1728 primum
267 1663 332 1710 ante
346 1663 473 1727 tempus;
497 1652 599 1708 iterum
621 1653 686 1723 sibi,
701 1671 755 1709 suo
768 1663 917 1728 tempore;

82 1762 112 1810 15
127 1749 303 1823 reipublicae,
314 1767 396 1823 paene
411 1768 490 1805 sero:
511 1749 570 1823 qui,
583 1749 694 1805 duabus
708 1750 827 1806 urbibus
841 1768 920 1808 ever·

128 1845 176 1916 sis,
192 1845 399 1902 inimicissimis
420 1845 488 1902 huic
510 1845 640 1920 imperio,
660 1865 719 1902 non
740 1846 827 1903 modo
847 1867 919 1922 prae·

127 1941 229 2012 sentia,
244 1960 343 1997 verum
362 1941 449 1997 etiam
471 1942 566 1997 futura
584 1942 660 1997 bella
680 1941 793 1998 delevit.
834 1942 917 2003 Quid

128 2039 222 2095 dicam
244 2039 280 2094 de
302 2039 430 2095 moribus
452 2038 615 2094 facillimis?
637 2039 673 2094 de
693 2039 800 2113 pietate
815 2040 844 2095 in
860 2059 919 2097 ma·

127 2138 221 2193 treml
242 2136 414 2192 liberalitate
436 2135 464 2190 in
486 2136 619 2192 sororesl
640 2135 768 2191 bonitate
784 2135 813 2191 in
829 2137 918 2193 suosl

81 2247 112 2296 20
125 2232 236 2308 justitiet
248 2233 277 2288 in
288 2251 388 2288 omnes
400 2233 408 2288 l
429 2242 498 2288 nota
509 2241 576 2287 sunt
587 2231 675 2288 vobis.
709 2230 808 2292 Quam
821 2243 917 2289 autem

127 2329 237 2386 civitati
250 2348 333 2385 carus
343 2328 437 2398 suerit,
446 2347 566 2384 moerore
577 2328 685 2384 suneris
694 2327 852 2384 indicatum
864 2339 917 2386 est.

87 2457 108 2489 χ
126 2424 208 2486 Quid
230 2426 316 2501 igitur
338 2425 415 2480 hunc
436 2443 595 2498 paucorum
621 2443 761 2480 annorum
787 2425 919 2482 accessio

123 2521 222 2598 juvare
239 2521 400 2596 potuissetl
441 2521 584 2577 Senectus
605 2520 692 2591 enim,
707 2521 836 2596 quamvis
856 2540 916 2578 non

126 2619 163 2674 sit
176 2617 280 2693 gravis,
298 2616 343 2692 (ut
357 2616 474 2672 memini
490 2616 643 2687 Catonem,
659 2636 735 2674 anno
751 2627 816 2674 ante
831 2636 917 2691 quum

79 2716 111 2765 25
127 2726 255 2771 mortuus
269 2725 322 2783 est,
338 2732 451 2769 mecum
472 2723 501 2769 et
523 2733 588 2770 curn
607 2713 745 2788 Scipione
759 2712 916 2794 disserere)

125 2821 222 2866 tamen
244 2810 336 2867 ausert
356 2829 418 2866 eam
436 2809 619 2882 viriditatem,
635 2811 665 2868 in
682 2810 738 2885 qud
757 2810 917 2869 etiamnum

122 2918 185 2964 erat
201 2907 311 2984 Scipio.

153 3005 368 3070 Quamobrem
380 3006 441 3066 vita
453 3005 573 3083 quidem
582 3004 649 3062 talia
658 3003 778 3073 tubuel
790 3003 917 3078 fortunia,
