1904 3750
71 190 127 250 ιω
404 195 446 243 nu
469 196 614 242 urricus,
809 190 904 255 [nm.

114 357 277 424 paupertas,
297 364 383 423 quarn
403 347 495 417 dolor,
516 365 601 421 quam
624 354 737 418 caetera,
757 363 821 420 quae
841 364 905 420 pos·

114 454 182 502 nunt
202 454 251 501 aut
271 443 386 519 corpori
415 443 558 514 accidere,
580 453 629 499 aut
655 443 741 499 rebus
767 442 902 498 externis.

114 538 192 597 Nam
208 538 362 616 'principio
388 538 464 596 tollit
491 538 656 596 convictum
684 538 852 609 humanum,
875 549 904 595 et

115 636 292 693 societatem⁴
347 635 380 693 Si
413 635 490 692 enim
525 636 568 692 sic
601 635 709 692 erimus
739 634 845 706 affecti,
872 645 905 692 ut

84 737 230 808 bpropter
250 745 335 789 suum
355 732 476 808 quisque
496 731 722 789 emolumentum
738 731 842 808 spoliet
856 740 905 788 aut

115 827 203 884 violet
224 827 355 899 alterum,
376 827 515 903 disrumpi
542 845 661 884 necesse
683 837 727 883 est
746 847 821 898 eam,
842 844 904 902 quae

115 923 240 981 maxime
253 933 297 981 est
311 924 471 981 secundum
491 933 633 993 naturam,
648 923 766 980 humani
790 924 905 1000 generis

116 1020 294 1077 societatem.
352 1019 401 1091 Ut,
429 1020 454 1077 ei
487 1015 711 1094 unumquodque
744 1021 904 1077 membrum

117 1135 235 1175 sensum
249 1117 328 1175 hunc
343 1116 470 1188 haberet,
485 1126 517 1174 ut
530 1135 614 1191 posse
627 1125 741 1191 putaret
755 1135 785 1172 se
799 1116 904 1186 valere,

72 1215 104 1274 lc
118 1213 143 1271 si
169 1212 291 1289 proximi
318 1212 439 1269 membri
465 1211 659 1269 valetudinem
685 1213 720 1268 ad
740 1231 772 1268 se
792 1211 906 1268 tradux-

119 1308 188 1366 isset
196 1329 203 1378 ;
225 1304 368 1364 debilitari
382 1318 411 1364 et
425 1307 541 1363 interire
556 1318 647 1366 totum
662 1326 766 1382 corpus
784 1325 906 1364 necesse

118 1415 209 1473 esset3
231 1405 283 1475 sic,
299 1403 323 1460 si
337 1403 533 1477 unusquisque
554 1405 684 1467 nostrum
704 1403 796 1479 rapiat
818 1404 853 1461 ad
873 1423 906 1461 se

119 1500 272 1558 commoda
306 1498 436 1570 alioruin,
469 1499 657 1574 detrahatque
691 1500 767 1575 quod
801 1501 906 1576 cuique

118 1596 218 1670 possit,
230 1595 416 1652 emolumenti
431 1595 476 1652 sui
490 1596 599 1672 gratib3
621 1597 743 1663 societas
758 1597 905 1654 hominum

73 1685 105 1743 15
119 1701 149 1750 et
175 1691 366 1750 communitas
397 1702 550 1762 evertatur,
577 1708 698 1749 necesse
724 1704 775 1751 eat.
818 1693 909 1763 Nam,

119 1788 175 1846 eibi
195 1798 227 1845 ut
247 1788 366 1863 quisque
387 1788 477 1859 malit,
498 1788 575 1862 quod
597 1789 632 1845 ad
653 1809 736 1847 usum
757 1791 821 1847 vitm
844 1810 907 1866 per-

119 1884 219 1953 tineat,
240 1896 325 1957 quarn
354 1884 444 1955 alteri,
466 1884 625 1958 acquirere,
654 1904 826 1943 concessum
853 1897 906 1957 est,

119 1996 177 2039 non
197 1990 376 2057 repugnante
396 1981 507 2038 natura.
550 1981 626 2037 Illud
641 1993 744 2038 natura
757 2001 816 2040 non
835 1984 907 2059 pati-

119 2085 175 2149 tur,
190 2085 222 2134 ut
236 2076 356 2134 aliorum
377 2077 474 2153 spoliis
495 2088 608 2134 nostras
622 2078 783 2150 facultates,
799 2081 905 2154 copias,

72 2177 104 2233 20
119 2193 197 2249 opes,
213 2192 376 2249 augeamus.

158 2269 262 2344 Neque
283 2287 349 2327 vero
375 2269 432 2327 hoc
458 2262 551 2329 solum
578 2272 691 2343 natural,
713 2271 743 2328 id
770 2285 823 2344 est,
841 2274 907 2348 jure

100 2367 258 2444 ¹gentium,
279 2368 330 2423 sed
351 2367 439 2424 etiam
463 2367 575 2445 legibus
601 2368 779 2445 populorum,
803 2371 907 2443 quibus

119 2461 149 2519 in
180 2462 301 2538 singulis
336 2463 499 2520 civitatibus
532 2464 696 2539 respublica
729 2465 905 2536 continetur,

119 2557 220 2614 eodem
241 2558 328 2614 modo
349 2559 536 2616 constitutum
558 2569 611 2631 est,
625 2570 657 2616 ut
676 2578 734 2617 non
749 2560 844 2630 liceat,
860 2562 905 2618 sui

72 2653 264 2709 accommodi
282 2653 380 2724 causa,
395 2672 500 2711 nocere
522 2655 611 2715 alteri.
653 2648 719 2712 Hoc
733 2656 810 2711 enitn
825 2676 906 2731 spec-

118 2757 180 2806 tant
199 2749 288 2826 leges,
310 2750 365 2807 hoc
385 2750 494 2822 volunt,
516 2744 690 2810 incolumem
712 2769 775 2808 esse
798 2752 906 2811 civium

113 2844 476 2921 conjunctionemequam
497 2848 547 2921 qui
568 2847 715 2916 dirimunt,
730 2866 781 2905 eos
802 2861 905 2917 morto,

100 2938 220 3015 exsilio,
237 2943 378 3022 vinculis,
399 2943 520 3019 damno,
537 2948 683 3004 coercent.
731 2945 829 3020 Atque
849 2947 906 3004 hou

117 3192 275 3230 A„
