1904 3750
328 262 589 334 nnsunucru'ru.
859 272 902 333 27

65 435 121 493 ista
134 435 234 493 senilis
247 437 368 494 stultitia
380 436 457 515 (quae
471 435 603 515 deliratio
615 433 752 512 appellari
765 433 850 512 solet)

65 551 166 590 senum
179 532 286 590 levium
301 543 353 605 est,
368 552 426 592 non
440 533 577 591 omnium.
594 522 600 541 ”

71 659 85 692 ,·
103 627 240 688 Quatuor
255 630 387 686 robustos
408 629 491 700 filios,
506 629 631 704 quinque
645 627 728 699 filias,
743 636 852 684 tantam

64 723 192 795 domum,
220 732 314 781 tantas
342 724 502 796 clientelas,
531 724 644 800 Appius
671 724 799 800 regebat,
823 731 853 780 et

64 838 153 876 senex
173 830 203 876 et
223 839 336 878 caecus:
362 821 504 878 intentum
525 821 601 878 enim
624 821 762 892 animum,
782 829 883 885 tam-5

63 935 148 991 quarn
165 935 272 988 arcum,
288 917 427 986 habebat;
444 935 499 973 nec
512 917 705 993 languescens
719 935 853 974 succum·

64 1012 150 1070 bebat
170 1014 320 1071 senectuti.
362 1013 497 1070 Tenebat
517 1032 574 1071 non
596 1013 681 1072 modo
700 1013 852 1072 auctorita·

63 1119 132 1180 tem,
153 1109 204 1166 sed
225 1110 311 1167 etiam
332 1109 493 1185 imperium,
515 1110 558 1166 in·
573 1128 655 1167 suos:
685 1110 853 1168 metuebant

63 1206 153 1276 servi;
183 1207 354 1263 verebantur
380 1205 481 1276 liberi;
514 1221 612 1263 carum
639 1224 739 1263 omnes
766 1205 852 1263 habe·

63 1301 149 1360 bant:
171 1302 286 1379 vigebat
306 1302 336 1360 in
357 1302 407 1359 illa
427 1302 513 1360 domo
532 1300 645 1378 patrius
663 1321 725 1360 mos
745 1311 775 1360 et
795 1301 898 1360 dis-10

62 1398 178 1474 ciplina.

101 1493 147 1552 Ita
166 1495 244 1553 enirn
264 1504 399 1552 senectus
420 1494 542 1553 honesta
561 1503 615 1567 est,
630 1494 655 1553 si
675 1513 707 1552 se
727 1494 790 1572 ipsa
803 1494 852 1552 de-

62 1590 163 1663 fendit,
178 1591 202 1648 si
214 1591 261 1667 jus
275 1611 358 1650 suum
372 1592 487 1664 retinet,
503 1591 528 1649 si
545 1592 655 1651 nemini
669 1592 852 1669 emancipata

62 1696 115 1759 est,
130 1687 155 1744 si
169 1707 258 1763 usque
274 1688 309 1744 ad
323 1698 482 1747 extremum
496 1689 628 1764 spiritum
643 1688 805 1748 dominatur
820 1689 850 1748 iu

61 1802 137 1841 suos.
178 1783 218 1841 Ut
238 1785 315 1842 enirn
337 1786 559 1857 adolescentem,
575 1787 605 1842 in
619 1805 674 1862 quo
688 1787 779 1845 senile
801 1787 850 1844 ali-
865 1798 897 1848 15

60 1879 139 1956 quid,
154 1880 198 1938 sic
218 1900 326 1953 senem,
341 1882 371 1938 in
386 1902 442 1957 quo
455 1892 499 1939 est
520 1882 710 1941 adolescentis
732 1883 848 1958 aliquid,

59 1978 166 2053 probo:
187 1978 264 2053 quod
284 1979 333 2053 qui
361 1979 500 2054 sequitur,
522 1997 642 2054 corpore
670 1998 759 2037 senex
785 1999 849 2038 esse
913 2022 920 2033 .

59 2073 174 2148 poterit,
204 2073 299 2130 animo
325 2092 472 2148 nunquam
500 2073 562 2130 erit.
605 2072 752 2148 Septimus
778 2073 850 2131 mihi

61 2169 271 2246 “Originum'’
292 2170 365 2227 liber
387 2178 430 2226 est
451 2169 480 2226 in
495 2169 644 2227 manibus:
667 2170 765 2228 omnia
779 2170 850 2227 anti·

25 2250 27 2253 ¹
59 2265 177 2339 quitatis
186 2276 374 2322 monumenta
385 2265 505 2342 colligo:
521 2282 672 2321 causarum
684 2264 847 2338 illustrium,
864 2267 895 2318 20

59 2380 255 2438 quascumque
275 2362 402 2432 defendi,
423 2380 503 2419 nunc
531 2379 616 2436 quarn
637 2361 760 2418 maxime
781 2379 849 2420 con·

59 2459 127 2516 ficio
146 2458 305 2515 orationes:
324 2459 371 2534 jus
393 2477 542 2535 augurum,
562 2457 741 2534 pontificum,
763 2459 848 2516 civile

59 2565 168 2612 tracto:
190 2555 311 2611 multum
332 2555 419 2612 etiam
439 2554 551 2612 Graecis
570 2554 661 2613 literis
680 2563 762 2612 utor:
793 2554 848 2631 Py-

59 2651 317 2728 thagoreorumque
332 2668 420 2722 more,
435 2651 604 2709 exercendae
625 2651 770 2709 memoriae
784 2669 848 2728 gra·
928 2681 932 2688 ·

59 2747 110 2818 tia,
125 2746 193 2822 quid
208 2765 319 2821 quoque
340 2745 386 2802 die
408 2746 539 2818 dixerim,
562 2746 710 2818 audierim,
726 2746 845 2823 egerim,
861 2758 894 2809 25

59 2862 255 2901 commemoro
280 2842 400 2917 vesperi.
452 2842 507 2900 Hae
533 2852 601 2900 sunt
627 2843 847 2903 exercitationes

60 2939 181 3016 ingenii,
202 2939 265 2996 haec
280 2937 425 2995 curricula
444 2938 566 2996 mentis:
587 2939 618 2997 in
638 2939 683 2998 his
703 2940 850 2998 desudans

61 3044 146 3111 atque
165 3035 327 3111 elaborans,
348 3036 483 3125 corporis
500 3036 583 3102 sires
598 3055 668 3096 non
685 3044 882 3109 magnauram
