1904 3750
59 205 135 271 nn]
209 182 212 187 ’
356 207 400 259 uu
419 208 563 257 ormcus.

58 356 199 430 brisim
223 357 440 436 mirenturque,
455 358 489 418 in
509 359 544 416 cd
564 368 676 419 tuntum
696 377 743 418 me
763 377 857 438 opero

56 465 88 512 et
106 456 249 532 temporis
269 474 390 531 ponere.
433 455 498 533 Ego
520 467 624 530 nutem,
645 458 781 533 quamdiu
798 478 857 516 res·

64 553 178 628 publica
201 571 254 628 per
275 571 328 612 eos
348 552 503 630 gerebatur
524 554 628 628 quibus
648 573 679 612 se
699 553 762 630 ipsa
781 574 858 615 cunt·

64 650 190 722 miserat,
211 668 315 709 omues
342 667 424 712 mess
451 667 535 708 curas
559 649 805 727 cogitationesque
826 652 856 709 in

66 763 126 802 eam
150 745 357 803 conferebam:
391 763 457 801 oum
481 755 576 804 autem
600 747 747 804 dominatu
771 748 890 806 uniusfi

65 842 159 900 omnia
178 851 361 912 tenerentur,
383 858 484 916 neque.
499 852 575 899 esset
595 862 715 918 usquam
737 845 857 903 consilio

66 949 113 996 sut
140 938 308 997 auctoritati
335 937 420 994 locus
427 956 435 1008 ;
473 940 567 996 socios
593 939 717 1013 denique
744 941 856 998 tuendae

66 1034 243 1110 reipublice,
264 1051 396 1095 summos
419 1033 505 1106 viros,
526 1034 701 1104 amisissem3
728 1053 783 1092 nec
811 1056 857 1094 me

68 1131 222 1208 angoribus
247 1129 360 1200 dedidi,
383 1129 486 1204 quibus
506 1149 599 1188 essem
618 1129 780 1201 consectus,
801 1132 856 1188 nisi

67 1225 100 1284 iis
131 1227 322 1296 restitissem;
359 1242 415 1282 nec
441 1245 555 1287 rursum
587 1224 715 1302 indignis
741 1225 857 1285 homine
875 1239 906 1287 10

67 1322 150 1382 docto
164 1323 370 1399 voluptatibus.

102 1421 202 1495 Atque
223 1420 337 1479 utinam
358 1420 520 1494 respublica
539 1419 746 1494 stetissetque
765 1439 857 1498 coepe·

66 1527 116 1588 tat,
129 1527 220 1587 statu,
234 1535 291 1575 nec
313 1514 344 1572 in
365 1516 505 1589 homiues,
520 1537 579 1574 non
599 1527 659 1575 tam
679 1528 856 1576 commutau-

69 1612 166 1671 darum
187 1615 296 1683 rerum,
317 1630 403 1686 quam
426 1614 643 1671 evertendarum
665 1615 792 1690 cupidos,
814 1615 856 1673 iu·

69 1709 199 1769 cidissetl
256 1708 388 1767 Primum
414 1709 502 1782 enim,
530 1720 562 1767 ut
588 1721 681 1768 stante
707 1714 856 1788 republica
872 1724 904 1773 15

69 1805 162 1865 lacere
195 1806 372 1876 solebamus,
400 1805 431 1862 in
465 1806 577 1882 egendo
610 1808 683 1883 plus,
712 1828 796 1883 quam
826 1809 856 1866 in

69 1902 231 1973 scribendo,
242 1919 337 1976 operte
347 1919 538 1975 poneremus:
560 1903 675 1976 deinde,
687 1905 755 1980 ipsis
769 1906 857 1981 scrip·

68 1998 103 2057 tis
128 2018 189 2057 nou
215 2017 255 2056 ea
281 2016 345 2072 quar
371 2017 460 2071 nuuc,
488 1998 539 2057 sed
573 2001 701 2058 actiones
734 2012 856 2073 nostras,

68 2096 281 2165 mandaremus,
310 2103 343 2151 ut
368 2113 442 2170 sepe
469 2095 599 2152 fecimus.
654 2095 730 2153 Cum
762 2109 856 2155 autem

67 2191 241 2268 respublica,
262 2189 293 2248 in
313 2189 370 2264 qui
396 2191 490 2247 omnis
516 2209 582 2248 mea
609 2209 688 2262 cura,
709 2192 856 2267 cogitatio,
872 2203 904 2251 20

66 2307 164 2363 opera,
191 2287 262 2362 poni
289 2286 409 2358 solebat,
436 2287 516 2345 nulla
542 2297 618 2344 esset
646 2288 773 2358 omuino,
802 2287 857 2345 illae

67 2385 181 2442 scilicet
201 2384 293 2441 litcrae
314 2383 527 2453 conticuerunt,
550 2382 677 2440 forenses
697 2393 726 2439 et
746 2399 857 2441 senato-

67 2481 126 2538 rire.
168 2479 252 2538 Nihil
268 2498 353 2556 agere
369 2489 463 2537 autem
475 2498 542 2536 cum
553 2479 664 2537 animus
678 2499 737 2537 nou
750 2488 856 2555 posset,

68 2575 98 2634 in
119 2577 165 2634 his
185 2575 289 2634 studiis
310 2576 346 2632 ab
366 2574 451 2632 initio
473 2585 600 2635 versatus
627 2576 734 2646 aetatis;
762 2575 858 2633 existi·

67 2673 153 2745 mari,
169 2671 373 2731 honestissime
387 2671 532 2729 molestias
545 2691 628 2748 posse
641 2672 758 2748 deponi,
773 2671 797 2729 si
811 2691 856 2731 me
872 2676 903 2726 25

70 2770 104 2826 sd
122 2768 337 2846 philosophiam
358 2766 526 2830 tetulissem.
568 2769 624 2826 Cui
645 2787 712 2826 cum
736 2768 857 2832 multum

69 2865 249 2936 adolescens,
264 2861 397 2923 discendi
411 2865 508 2935 causi,
522 2865 659 2941 temporis
677 2864 855 2936 tribuissem

67 2975 169 3042 portes
187 2980 276 3040 quam
301 2958 460 3025 honoribus
486 2960 625 3027 inseruire
650 2962 743 3046 cupi,
755 2980 866 3046 rusque
