1904 3750
291 2 875 352 u

582 346 588 369 l

74 610 111 671 14
403 622 446 668 na
466 621 610 668 oramus.
832 619 872 682 [a.

156 770 190 827 In
198 769 354 845 primisque
365 770 489 827 hominis
500 780 544 827 est
551 768 667 846 propria
677 770 737 826 veri
745 768 876 844 inquisiti

118 877 202 940 atque
218 867 407 944 investigatio.
449 867 560 943 Itaque,
576 886 642 925 curn
660 885 758 923 sumus
772 885 876 924 necess

116 964 166 1020 riis
180 964 304 1040 negotiis
326 964 459 1038 curisque
480 964 573 1035 vacui,
589 974 650 1020 tum
666 981 781 1020 avemus
796 963 877 1037 aliqui

116 1060 223 1132 videre,
234 1060 341 1132 audire,
353 1061 501 1118 addiscere
513 1080 519 1116 :
542 1059 796 1136 cognitionemque
807 1078 877 1116 reru:

85 1163 101 1212 5
118 1168 166 1214 aut
179 1157 358 1214 occultarum
374 1167 421 1214 aut
436 1156 647 1213 admirabilium
663 1155 698 1212 ad
712 1156 796 1212 beate
810 1155 877 1212 viver

117 1255 184 1312 dum
205 1254 397 1311 necessariam
419 1253 570 1310 ducimus:
592 1271 628 1309 ex
647 1270 704 1327 quo
724 1251 878 1328 intelligitu

115 1351 193 1425 quod
215 1369 323 1422 verum,
345 1349 474 1424 simplex,
497 1349 699 1423 sincerumque
723 1348 769 1420 sit,
790 1347 821 1404 id
841 1367 878 1405 est

116 1458 225 1504 naturae
240 1446 365 1503 hominis
380 1445 565 1520 aptissimum.

156 1544 236 1602 Huic
250 1544 310 1609 ‚veri
330 1543 446 1600 videndi
467 1541 618 1617 cupiditati
639 1542 775 1618 adjuncta
794 1552 838 1599 est
858 1561 879 1618 a]

70 1654 101 1703 10
115 1642 218 1718 petitio
238 1622 378 1716 ¹quaedam
402 1639 590 1714 principatds,
614 1648 646 1695 ut
670 1638 779 1695 nemini
802 1657 879 1713 parer

118 1739 230 1796 animus
244 1739 318 1794 bene
333 1756 349 1793 a
363 1737 466 1792 natural
487 1736 659 1792 informatus
672 1736 750 1806 velit,
765 1735 821 1792 nisi
834 1754 880 1810 pra

117 1835 246 1911 cipienti,
269 1844 317 1890 aut
338 1832 465 1904 docenti,
487 1843 545 1904 aut,
565 1833 697 1889 utilitatis
717 1833 815 1903 causl,
827 1833 880 1908 just

116 1941 145 1989 et
165 1931 294 2008 legitime
315 1929 483 2004 imperanti:
506 1948 542 1985 ex
560 1948 617 2004 quo
632 1929 720 1986 animi
735 1929 880 2006 magnitud

116 2029 236 2098 exsistit,
252 2029 497 2100 humanarumque
511 2045 606 2083 rerum
621 2027 806 2102 contemptio.

71 2126 101 2175 15
156 2125 222 2181 Nec
236 2142 304 2180 vero
319 2123 368 2180 illa
380 2143 468 2199 parva
481 2123 524 2179 vis
538 2133 646 2180 naturae
661 2133 704 2179 est
718 2123 881 2197 rationisqut

116 2221 193 2297 quod
204 2240 293 2277 unum
306 2221 361 2277 boc
374 2220 478 2278 animal
490 2220 585 2291 sentit,
597 2219 666 2295 quid
676 2219 713 2276 sit
723 2220 794 2276 ordo
805 2240 812 2289 ;
835 2220 882 2294 qui

117 2319 163 2390 sit,
178 2318 256 2392 quod
270 2318 389 2386 deceat3
412 2317 441 2373 in
457 2317 540 2374 lactis
561 2317 703 2391 dictisque
722 2316 771 2392 qui
791 2317 882 2374 modu:

117 2414 219 2490 Itaque
233 2433 332 2471 eorum
348 2414 485 2488 ipsorum,
502 2433 564 2489 quae
580 2413 717 2489 adspectu
731 2414 882 2470 sentiuntu

117 2512 228 2569 nullutn
257 2511 341 2568 aliud
362 2511 466 2568 animal
493 2510 749 2586 pulchritudinem,
774 2520 883 2568 venusti

71 2619 102 2669 20
118 2620 186 2680 tem,
202 2608 432 2665 convenientiam
445 2608 570 2683 partium
581 2606 684 2664 sentit:
706 2625 792 2681 quam
805 2606 880 2662 simil

118 2706 247 2763 tudinem
274 2716 377 2762 natura
396 2704 526 2779 ratioque
550 2705 584 2760 ab
605 2702 698 2760 oculis
720 2701 754 2758 ad
777 2701 884 2758 animur

118 2802 301 2872 transferens,
318 2801 409 2858 multo
430 2801 516 2857 etiam
537 2799 629 2876 magis
648 2797 884 2874 pulchritudines

119 2897 320 2968 constantiam,
336 2896 466 2952 ordinem
481 2895 511 2951 in
526 2894 655 2952 consiliis
676 2894 817 2966 factisque
836 2911 885 2951 cor

119 2994 289 3050 servandum
312 3001 410 3068 putat:
439 3001 588 3065 cavetque,
611 2989 739 3063 nequid
767 2989 885 3046 indecor

72 3095 103 3146 25
119 3088 316 3144 effeminateve
326 3088 435 3144 saciat:
457 3097 528 3157 turn,
544 3086 572 3143 in
592 3085 725 3142 omnibus
746 3094 776 3141 et
795 3085 886 3160 opinit

119 3183 204 3238 nibus
218 3194 247 3239 et
261 3184 354 3253 factis,
369 3203 406 3240 ne
427 3183 496 3258 quid
517 3181 670 3239 libidinose
690 3191 739 3237 aut
753 3181 841 3238 faciat
856 3201 886 3240 au

120 3277 236 3353 cogitet.
275 3277 394 3340 Quibus
414 3298 450 3335 ex
470 3279 555 3334 rebus
577 3277 717 3334 conflatur
734 3285 763 3334 et
781 3276 887 3335 efficitu

103 3369 144 3435 ΜΖ
163 3373 247 3442 quod
272 3374 440 3447 quaerimus,
463 3375 636 3444 honestum;
665 3373 751 3449 quod,
772 3374 887 3432 etiamr
