1904 3750
236 275 373 335 nmmos,
393 275 467 322 srvr:
488 274 538 320 mr
553 273 710 321 Amrcrrm.
871 264 911 322 59

77 422 247 481 moderator
277 443 333 481 nec
358 423 487 500 potuisse
513 441 573 480 non
600 421 783 493 commoveri,
807 439 863 479 nec

76 518 164 576 inisse
179 519 209 576 id
223 519 409 577 humanitatis
419 528 492 576 tuae:
510 518 588 594 quod
599 528 694 575 autem
708 517 753 574 his
766 516 797 574 N
798 517 862 575 onis

76 613 106 671 in
117 625 217 673 nostro
227 615 351 692 collegio
366 633 424 672 non
440 615 578 687 affuisses,
589 614 782 672 valetudinem
796 633 863 672 cau·

75 729 146 782 sam,
161 731 220 768 non
234 713 408 784 moestitiam,
425 712 520 769 fuisse.

118 809 233 865 Delius.
274 808 371 866 Recte
390 819 422 866 tu
442 809 568 883 quidem,
583 808 724 880 Scaevola,
738 817 768 866 et
785 826 860 865 vere.
877 815 894 863 5

74 904 141 962 Nec
158 907 235 963 enim
258 907 293 963 ab
315 906 370 963 isto
391 906 496 978 officio,
512 906 589 981 quod
603 924 714 980 semper
730 905 862 982 usurpavi

20 1058 23 1065 ,
74 1020 141 1058 cunr
165 1003 299 1075 valerem,
326 1002 430 1060 abduci
458 1002 642 1059 incommodo
666 1021 730 1059 meo
755 1003 841 1060 debui
854 1021 862 1071 ;

74 1117 130 1155 nec
157 1100 216 1156 ullo
244 1119 314 1156 casu
341 1100 461 1156 arbitror
489 1099 546 1155 hoc
577 1099 721 1156 constanti
752 1099 861 1156 homini

73 1214 158 1270 posse
173 1196 351 1272 contingere,
371 1206 403 1252 ut
423 1195 483 1252 ulla
502 1195 677 1270 intermiscio
696 1195 745 1252 frat
763 1195 860 1252 officii.

73 1290 123 1347 Tu
145 1301 250 1362 autem,
265 1292 370 1362 Fanni,
385 1292 433 1367 qui
454 1291 524 1348 mihi
543 1301 653 1348 tantum
668 1291 756 1348 tribui
777 1291 908 1361 dicis,10

73 1397 211 1463 quantum
238 1407 292 1464 ego
320 1408 375 1445 nec
404 1406 531 1464 agnosco
558 1406 614 1444 nec
640 1388 765 1462 postulo,
790 1386 863 1443 sacis

74 1484 183 1541 amice:
205 1485 265 1556 sed,
279 1495 311 1541 ut
325 1485 395 1541 mihi
410 1484 524 1557 videris,
536 1504 593 1541 non
607 1494 686 1541 recte
697 1483 811 1559 judicas
825 1484 862 1539 de

73 1580 204 1638 Catone:
231 1592 279 1638 aut
302 1582 380 1638 enirn
404 1601 490 1639 nemo
516 1582 607 1659 (quod
630 1581 746 1656 quidem
769 1580 862 1656 magis

72 1678 186 1755 credo),
203 1688 260 1750 aut,
276 1679 301 1735 si
314 1680 475 1754 quisquam,
488 1680 536 1736 ille
549 1679 663 1754 sapiens
677 1679 740 1736 suit.
780 1677 862 1738 Quo·

72 1774 159 1830 modo
180 1775 257 1831 enim
274 1774 319 1850 (nt
334 1775 390 1832 aiia
403 1777 547 1854 omittam)
562 1785 683 1832 mortem
703 1775 755 1832 fiiii
773 1775 860 1832 tulit?
877 1781 908 1830 15

72 1868 264 1927 Memineram
285 1871 427 1941 Paulum3
452 1872 579 1928 videram
600 1872 734 1928 Gallum:
759 1870 810 1928 sed
831 1870 862 1926 hi

72 1965 102 2022 in
129 1966 247 2040 pueris;
275 1967 351 2024 Cato
375 1967 405 2023 in
431 1968 561 2042 perfecto
586 1977 615 2023 et
638 1977 767 2042 spectato
791 1966 860 2023 viro.

69 2062 271 2123 Quamobrem
297 2083 366 2120 cave
391 2063 497 2120 Catoni
523 2072 689 2136 anteponas,
713 2082 751 2119 ne
776 2062 862 2118 istum

70 2159 188 2233 quidem
209 2159 312 2234 ipsum,
328 2180 412 2234 quern
435 2159 541 2234 Apollo
557 2158 602 2234 (ut
617 2158 672 2237 ais)
688 2157 862 2234 sapientissi-

71 2274 150 2312 mum
168 2256 316 2332 judicavit.
359 2257 454 2332 Hujus
475 2256 552 2313 enirn
573 2255 659 2326 facta,
675 2255 751 2311 illius
772 2254 859 2325 dicta,
876 2267 908 2318 20

70 2352 232 2409 laudantur.
274 2352 319 2409 De
340 2372 386 2410 me
409 2363 503 2409 autem
519 2350 565 2428 (ut
583 2351 642 2428 jam
659 2371 726 2409 cum
740 2361 861 2426 utroque

70 2448 185 2528 loquar)
201 2449 243 2506 sic
257 2449 401 2506 habetote.
451 2454 464 2489 Ἃ

109 2640 165 2698 ΙΙΙ.
208 2640 282 2718 Ego,
304 2642 328 2699 si
350 2643 496 2717 Scipionis
517 2641 661 2700 desiderio
685 2660 731 2698 mc
752 2644 860 2696 moveri

70 2757 184 2815 negem,
197 2758 281 2813 quam
296 2739 325 2795 id
340 2748 419 2795 recte
434 2739 549 2808 seciam,
563 2738 686 2795 viderint
700 2736 859 2813 sapientes:

70 2835 121 2891 sed
145 2846 225 2892 certe
250 2834 379 2891 mentiar.
432 2833 553 2890 Moveor
576 2834 664 2907 enim,
689 2833 740 2891 tali
765 2832 860 2890 amico
875 2840 907 2890 ᾖ

71 2931 198 3002 orbatus,
217 2930 319 3006 quaiis,
340 2939 371 2985 ut
388 2929 519 3000 arbitror,
534 2948 621 2986 nemo
641 2948 768 3006 unquam
787 2928 858 2997 erit;

70 3035 109 3096 et,
125 3036 156 3082 ut
170 3027 340 3085 confirmare
361 3045 492 3104 possum,
505 3044 596 3086 nemo
610 3037 696 3086 cerie
706 3025 779 3082 bin.
814 3019 890 3074 Q&
