1904 3750
56 237 144 301 am]
167 284 170 288 ,
359 236 401 287 na
423 236 570 287 ormcrrs.
837 220 891 281 151

55 389 143 447 multo
169 387 266 465 magia
293 387 383 465 exigit
402 388 465 465 ipsa
484 390 597 446 naturae'
615 386 698 459 ratio,
719 404 783 462 quae
803 395 847 443 est
868 431 869 435 ,

55 485 105 542 len¹
131 485 231 542 divina
258 495 288 541 et
315 484 458 555 humana3
494 484 542 541 cui
575 503 676 560 parere
703 482 752 558 qui
780 482 848 541 velit

56 581 171 658 (omnes
187 592 283 639 autem
299 583 448 656 parebunt,
463 581 512 656 qui
533 581 693 638 secundum
714 590 847 638 naturam

56 678 151 735 volent
171 679 295 756 vivere),
310 696 457 751 nunquam
478 679 649 748 committet,
668 687 700 733 ut
721 677 847 733 alienum

56 783 180 850 appetat,
203 784 233 830 et
260 774 300 845 id,
322 774 399 848 quod
428 774 509 831 alteri
536 774 699 841 detraxerit,
722 773 778 830 sibi
807 782 878 830 res-5

53 881 159 928 sumat.
584 892 586 897 ·

94 965 213 1023 Etenim
241 967 332 1024 multo
352 967 444 1043 magis
464 977 508 1024 est
528 958 687 1024 secundum
714 976 848 1024 naturam

55 1063 208 1120 excelsitas
230 1063 319 1120 animi
332 1075 362 1120 et
376 1064 554 1141 magnitudo,
570 1064 694 1138 itemque
715 1062 847 1134 comitas,

53 1159 173 1234 justitie,
195 1159 361 1231 liberalitas,
386 1180 471 1234 quam
499 1160 639 1235 voluptas,
667 1177 751 1233 quam
780 1158 847 1230 vita,

56 1273 142 1329 quam
162 1255 287 1312 divitiae:
312 1275 375 1330 quae
395 1257 511 1331 quidem
532 1266 725 1325 contemnere,
747 1264 776 1310 et
795 1272 848 1329 pro
862 1260 894 1309 10

56 1352 148 1410 nihilo
167 1352 285 1423 ducere,
302 1364 517 1429 comparantem
538 1373 605 1410 cum
626 1353 749 1409 utilitate
771 1369 849 1408 com-

57 1448 147 1518 muni,
175 1449 272 1524 magni
301 1448 388 1506 animi
415 1459 445 1506 et
471 1450 578 1507 excelsi
605 1458 664 1519 est;
697 1448 848 1506 detrahere

58 1554 153 1601 autem
188 1545 269 1601 alteri
303 1544 348 1601 sui
366 1545 527 1623 commodi
557 1546 656 1616 causei,
685 1544 777 1622 magis
804 1555 847 1601 est

58 1650 158 1696 contra
178 1651 319 1711 naturam,
339 1660 424 1715 quarn
446 1660 532 1713 mors,
547 1661 632 1716 quam
656 1643 746 1714 dolor,
762 1661 847 1716 quam

58 1747 162 1794 caetera
175 1737 289 1813 generis
304 1737 440 1812 ejusdem.
826 1750 830 1757 '
862 1747 893 1795 15

93 1831 234 1908 Itemque,
256 1833 348 1909 magis
372 1845 416 1891 est
443 1835 602 1892 secundum
630 1845 773 1906 naturam,
794 1853 847 1910 pro

57 1929 190 1987 omnibus
216 1930 352 2006 gentibus
373 1929 494 2007 (silleri
517 1932 619 2011 possit)
642 1931 847 1989 conservandis

58 2035 104 2082 aut
121 2025 266 2103 juvandis,
281 2026 420 2083 maximos
441 2027 554 2083 labores
571 2027 773 2102 molestiasque
788 2045 848 2082 sns-

57 2121 162 2196 clpere,
185 2120 346 2178 imitantem
367 2121 525 2178 Herculem
547 2121 637 2191 illum,
652 2140 737 2195 quem
758 2119 849 2176 homi-

57 2235 123 2274 num
158 2217 245 2288 fama,
274 2217 482 2274 beneficiorum
515 2235 635 2287 mernor,
663 2217 693 2272 in
721 2214 848 2272 concilio
862 2223 895 2271 2⁰

57 2313 215 2371 coelest'rum
237 2313 406 2384 collocavit;
428 2333 514 2388 quarn
528 2313 623 2370 vivere
637 2313 667 2370 in
682 2310 847 2380 solitudine,

56 2427 111 2468 non
138 2409 228 2467 modo
262 2409 325 2466 sine
352 2410 418 2467 ullis
447 2410 596 2481 molestiis,
624 2410 675 2467 sed
703 2408 789 2465 etiam
817 2406 847 2463 in

56 2506 186 2564 maximis
207 2506 411 2581 voluptatibus,
430 2507 624 2564 abundantem
644 2506 779 2564 omnibus
800 2521 848 2559 co-

55 2604 124 2678 piis3
146 2614 179 2661 ut
193 2603 319 2660 excellas
340 2603 426 2659 etiarn
445 2603 671 2678 pulchritudine,
687 2612 716 2659 et
730 2600 846 2657 viribus.

55 2697 215 2768 Quocirca,
251 2696 361 2772 optimo
395 2697 515 2773 quisque
550 2708 579 2754 et
614 2694 847 2772 splendidissimo
861 2711 894 2760 25

56 2791 174 2872 ingenio
194 2794 282 2869 longe
304 2792 381 2849 illam
403 2793 490 2850 vitam
510 2794 579 2850 huic
601 2792 755 2869 anteponit.
802 2790 848 2848 Ex

53 2909 109 2968 quo
143 2889 279 2959 efficitur,
314 2888 470 2961 hominem,
506 2900 615 2955 naturas
652 2889 851 2959 obedientem,

54 2985 165 3047 homini
179 3003 288 3044 nocere
300 3002 360 3046 non
374 3004 469 3065 posse.
