1904 3750
64 241 90 288 t.
99 226 133 302 '11
364 233 406 282 on
423 235 568 284 omnus.
864 226 902 289 Ἄ

64 387 206 461 nandique
219 382 322 456 officii,
336 382 433 458 plures
445 383 539 442 solent
552 402 616 443 cese
630 402 733 445 causa.
767 385 798 446 N
800 401 857 462 ant,

65 495 111 542 aut
120 482 303 553 inimicitias,
316 482 509 554 autlaborem,
517 492 565 540 aut
571 493 702 559 sumptus
710 484 858 562 suscipere

63 581 180 650 nolunt3
205 588 255 636 aut
276 578 365 634 etiam
386 577 571 654 negligential,
591 579 718 656 pigritiis,
740 580 855 655 incutit,

63 689 111 734 aut
133 677 195 734 suis
216 674 324 732 studiis
343 674 512 748 quibusdam
525 676 799 751 occupationibusve
812 679 856 737 sic

63 773 270 849 impediuntur,
285 779 320 827 ut
334 789 392 841 eos,
404 789 475 844 quos
484 771 570 828 tutari
582 771 715 845 debeant,
727 774 855 833 desertos
868 783 886 834 5

61 888 124 926 esse
136 869 295 944 patiantur.
339 865 438 941 Itaque
450 867 607 925 videndum
620 881 673 942 est,
685 888 723 927 ne
736 889 796 928 non
812 889 856 930 sa-

62 966 98 1023 tis
111 967 148 1022 sit
162 965 203 1037 id,
215 965 295 1041 quod
312 963 386 1038 apud
401 963 551 1022 Platonem
565 974 609 1022 est
623 966 654 1022 in
667 966 856 1044 philosophos

63 1063 187 1120 dictum:
221 1060 302 1137 quod
324 1060 354 1116 in
375 1060 434 1117 veri
456 1061 677 1137 investigatione
696 1073 854 1137 versentur,

60 1160 192 1235 quodque
216 1177 262 1230 ea,
277 1176 341 1232 quae
361 1156 489 1233 plerique
503 1158 687 1215 vehementer
708 1168 854 1234 expetunt,

59 1257 94 1314 de
113 1257 222 1331 quibus
236 1255 313 1311 inter
327 1272 358 1311 se
373 1254 523 1330 digladiari
539 1254 643 1327 solent,
659 1264 854 1328 contemnant,
870 1261 901 1314 10

58 1363 87 1410 at
99 1372 152 1428 pro
167 1351 264 1410 nihilo
279 1351 397 1421 ducant,
408 1362 560 1427 propterea
570 1352 664 1429 justos
677 1369 749 1409 esse.
777 1349 856 1410 Nam

60 1449 181 1506 alterum
193 1447 315 1523 justitiae
330 1465 422 1524 genus
437 1457 637 1523 assequuntur,
651 1446 804 1506 inferenda
817 1466 856 1505 ne

59 1546 106 1602 cui
123 1553 254 1602 noceant
272 1543 394 1618 injuria:
417 1542 447 1599 in
467 1543 587 1602 alterum
605 1544 746 1602 incidunt.
788 1543 855 1602 Dis·

59 1640 145 1698 cendi
167 1639 248 1696 enim
269 1639 367 1696 studio
388 1639 527 1715 impediti,
549 1658 620 1715 quos
639 1639 714 1698 tueri
735 1641 853 1713 debent,

58 1737 207 1794 deserunt
248 1733 352 1810 Itaque
367 1754 417 1792 eos
433 1737 467 1793 ad
485 1736 692 1811 rempublicam
705 1755 744 1794 ne
759 1754 854 1794 acces·
868 1746 900 1796 15

58 1852 141 1891 suros
154 1831 274 1908 quidem
287 1841 401 1907 putant,
412 1833 468 1891 nisi
482 1844 616 1891 coactos:
639 1833 748 1909 aequius
759 1843 855 1890 autem

60 1941 123 1986 erat
136 1929 166 1986 id
177 1929 328 1987 voluntate
338 1928 419 1987 fieri:
440 1948 508 1988 nam
518 1931 576 1987 hoc
586 1930 680 2005 ipsum
693 1929 735 1987 ita
745 1929 854 2007 justum

63 2035 117 2096 est,
131 2027 206 2101 quod
220 2036 302 2084 recte
316 2026 358 2095 fit,
373 2025 397 2083 si
411 2036 454 2083 est
467 2024 666 2084 voluntarium.
773 2009 779 2023 ’

103 2123 178 2180 Sunt
192 2124 292 2194 etiam,
308 2122 368 2197 qui,
385 2132 433 2179 aut
446 2123 541 2182 studio
554 2122 598 2180 rei
612 2120 761 2179 familiaris
773 2131 856 2178 tuen-

63 2218 117 2290 dae,
127 2229 176 2277 aut
187 2221 256 2277 odio
267 2220 392 2295 quodam
401 2219 560 2289 hominum,
570 2236 655 2275 snum
665 2235 696 2274 se
706 2216 856 2293 negotium
869 2228 902 2279 ω

62 2335 149 2392 agere
164 2317 274 2389 dicant,
288 2335 326 2373 ne
348 2316 442 2374 facere
463 2315 598 2390 cuiquam
611 2313 763 2370 videantur
784 2311 857 2388 inju-

62 2413 152 2482 riam;
177 2413 227 2488 qni
252 2414 344 2470 altero
372 2411 518 2487 injustitia
545 2427 652 2487 genere
673 2417 795 2477 vacant3
825 2407 857 2465 in

64 2509 185 2567 alterum
199 2511 361 2567 incurrunt.
401 2507 548 2566 Deserunt
566 2506 643 2565 enim
657 2504 722 2561 vitm
736 2502 858 2560 societa-

63 2615 134 2676 tem,
149 2606 217 2680 quia
229 2605 303 2663 nihil
316 2604 469 2662 conferunt
479 2604 509 2661 in
520 2621 584 2661 eam
595 2599 695 2672 studii,
703 2598 776 2658 nihil
791 2615 857 2676 ope·

63 2722 113 2774 rae,
128 2703 200 2760 nihil
216 2702 396 2760 facultatum.
871 2699 904 2750 25

101 2798 253 2861 Quoniam
283 2795 381 2873 igitur,
403 2794 515 2852 duobus
536 2792 691 2871 generibus
711 2790 858 2868 injustitie

62 2897 229 2975 propositis,
246 2891 430 2969 adjunximus
451 2909 553 2948 causas
572 2888 720 2964 utriusque
734 2887 858 2965 generis,

61 3012 231 3070 amoveres
245 2999 315 3050 ante
326 2987 542 3065 constituimus,
553 2986 660 3068 quihus
670 2984 787 3071 inantia
795 2999 865 3046 mu·
