1904 3750
72 639 128 699 lau
251 722 254 731 ¹
403 647 447 695 nu
468 647 613 695 osricus.
820 644 860 706 [a.
869 642 900 691 11.

116 796 263 872 adjuvent:
286 796 379 871 sitque
393 815 478 855 omne
489 796 643 873 judicium,
653 812 713 853 non
723 811 809 870 quam
821 793 901 851 locu·

113 894 185 969 ples,
200 893 251 950 sed
264 894 365 969 qualis,
379 894 499 970 quisque
513 893 558 950 sit.
665 876 666 880 ἵ
719 888 722 893 ’

154 990 322 1047 Extremum
356 1001 450 1048 autem
483 1000 669 1066 preceptum,
696 988 727 1046 in
753 987 901 1045 beneficiis

115 1085 258 1161 operaque
277 1085 383 1156 dandal,
405 1096 457 1156 est,
471 1104 509 1142 ne
530 1084 599 1159 quid
619 1094 721 1141 contra
739 1083 901 1158 aequitatem

87 1181 283 1253 bcontendas
298 1200 335 1238 ne
353 1181 420 1256 quid
441 1200 493 1258 pro
513 1180 626 1256 injurii.
668 1179 902 1237 Fundamentum

115 1277 193 1334 enim
226 1287 370 1352 perpetua
405 1276 663 1334 commendationis
689 1286 719 1332 et
745 1275 828 1332 famae
858 1284 902 1331 cst

113 1373 234 1450 justitia,
249 1373 311 1430 sine
326 1373 382 1449 qud
395 1373 466 1430 nihil
480 1382 575 1448 potest
587 1391 650 1429 esse
664 1371 816 1429 laudabile.

156 1565 241 1624 XXI.
267 1566 335 1638 Sed,
356 1565 492 1641 quoniam
511 1565 548 1621 de
568 1583 603 1623 ec
623 1582 728 1641 genere
748 1562 902 1620 beneficio-

117 1682 182 1721 rum
215 1663 322 1719 dictum
350 1672 403 1732 est,
431 1681 493 1736 quae
524 1660 559 1718 ad
593 1661 722 1737 singulos
754 1668 884 1734 spectant
892 1679 900 1729 ;

75 1765 105 1814 10
119 1759 255 1834 deinceps
282 1758 318 1815 de
344 1758 380 1814 iis
406 1777 469 1832 quae
491 1756 526 1813 ad
547 1757 705 1828 univers0s3
726 1773 843 1830 quaeque
866 1755 903 1812 ad

118 1854 323 1930 rempublicam
344 1854 496 1929 pertinent,
519 1853 722 1929 disputandum
745 1862 796 1909 est.
845 1850 903 1908 Eo·

118 1969 180 2007 rum
204 1959 297 2006 autem
319 1949 442 2024 ipsorum
458 1948 561 2025 partim
575 1948 715 2024 ejusmodi
730 1957 805 2018 sunt,
820 1957 852 2004 ut
867 1947 902 2004 ad

118 2045 265 2102 universos
292 2044 369 2100 cives
395 2044 566 2119 pertincant,
587 2043 690 2119 partim
717 2043 846 2119 singulos
870 2051 903 2099 ut

119 2141 269 2217 attingant,
285 2160 347 2215 quae
368 2150 434 2197 sunt
454 2141 540 2197 etiam
561 2140 694 2216 gratiora.
736 2138 840 2196 Danda
859 2147 902 2195 est

74 2243 105 2294 15
119 2255 205 2313 opera
224 2237 352 2307 omnino,
367 2236 391 2293 si
411 2236 509 2311 possit,
524 2236 661 2312 utrisque,
676 2255 731 2294 nec
751 2236 856 2308 minus,
870 2245 902 2292 ut

118 2333 205 2390 etiam
226 2333 346 2409 singulis
366 2332 539 2404 consulatur,
555 2332 605 2389 sed
626 2332 675 2403 ita,
690 2341 722 2389 ut
735 2350 770 2388 ea
787 2351 833 2388 res
855 2341 903 2388 aut

118 2430 217 2506 prosit,
246 2439 294 2487 aut
329 2440 405 2486 certe
438 2447 497 2486 non
530 2430 614 2500 obsit,
641 2428 815 2504 reipublicae.
867 2427 901 2485 0.

119 2525 244 2584 Gracchi
266 2526 451 2584 frumentaria
473 2545 578 2602 magna
597 2525 728 2602 largiti03
756 2524 903 2581 exhaurie-

120 2623 168 2679 bat
188 2623 274 2699 igitur
296 2623 442 2680 aerarium:
463 2622 580 2679 modica
598 2620 639 2678 M.
662 2620 787 2691 Octavii,
802 2633 830 2678 et
850 2620 903 2677 rei·

74 2736 106 2785 20
118 2719 240 2796 publicae
260 2718 426 2791 tolerabilis,
441 2729 470 2775 et
488 2718 565 2794 plebi
586 2717 764 2787 necessaria;
786 2735 856 2793 ergo
874 2725 900 2774 et

120 2816 230 2873 civibus
243 2827 273 2873 ct
286 2814 451 2890 reipublicae
466 2813 605 2872 salutaris.

158 2911 192 2968 In
213 2911 312 2986 primis
335 2922 429 2967 autem
450 2910 604 2968 videndum
627 2909 682 2966 erit
701 2909 737 2980 ei,
760 2909 810 2983 qui
832 2928 896 2968 rem·

120 3007 262 3084 publicam
284 3006 502 3079 administrabit,
518 3016 549 3063 ut
563 3025 645 3064 suum
660 2992 779 3079 quisque
796 3017 892 3063 teneat

120 3121 213 3178 neque
240 3103 276 3158 de
300 3102 382 3159 bonis
408 3103 582 3177 privatorum
607 3101 722 3177 publice
750 3101 892 3159 diminuti

75 3200 107 3248 25
121 3198 177 3255 fiat.
230 3196 397 3254 Perniciose
423 3198 499 3254 enirn
524 3197 673 3272 Philippus
695 3195 724 3253 in
745 3197 890 3253 tribunatu

116 3310 185 3349 cum
204 3293 300 3370 legem
322 3292 460 3370 agrariam
482 3293 568 3351 ferret
589 3291 686 3371 (quam
711 3303 808 3349 tamen
833 3292 888 3350 anti

103 3388 192 3456 quari
213 3389 305 3450 facile
325 3410 431 3470 passus
449 3400 504 3465 est,
517 3400 547 3452 et
563 3389 597 3451 in
613 3407 649 3449 ec
668 3389 852 3451 vehementer
871 3407 885 3447 s
