1904 3750
57 263 147 334 aa]⁴
356 265 399 313 na
417 263 564 312 orsurus.
733 251 744 261 ²
856 253 893 312 ol

59 410 148 482 hitur,
164 429 203 469 ex
216 430 276 487 qno
288 411 361 468 ratio
381 411 548 469 inveniendi
567 410 656 469 officii
676 412 849 486 exquiritur3

61 507 151 565 altera
174 518 283 579 autem,
306 526 369 582 quae
392 509 507 584 proprie
529 509 650 584 singulis
669 518 713 565 est
733 510 848 567 tributa

60 603 98 660 Ut
119 604 199 661 enim
220 604 250 661 in
272 604 440 678 corporibus
463 624 574 681 magnae
602 605 849 662 dissimilitudines

62 710 127 758 sunt
144 699 230 776 (alios
250 701 329 757 enim
344 700 472 757 videmus
493 701 644 758 velocitate
666 702 701 758 ad
722 720 848 772 cursum,

63 796 133 852 alios
155 796 264 853 viribus
286 797 323 852 ad
344 796 511 854 luctandum
532 798 642 868 valere3
673 797 798 872 itemque
819 798 879 853 ino

63 892 163 949 sormis
193 892 257 949 aliis
288 892 458 968 dignitatem
488 893 592 964 inesse,
624 894 686 950 aliis
718 905 850 950 venusta-

62 991 144 1068 tem),
159 988 203 1045 sic
224 988 255 1045 in
277 989 381 1045 animis
400 989 540 1047 exsistunt
560 990 647 1046 etiam
665 1009 786 1066 majores
804 997 871 1048 va·‘

62 1084 186 1142 rietates.

100 1181 172 1239 Erat
196 1180 227 1238 in
251 1180 285 1239 L.
307 1181 414 1238 Crasso
435 1191 464 1239 et
483 1181 514 1239 in
535 1182 569 1241 L.
590 1181 723 1256 Philippo
743 1181 849 1238 multus

63 1276 156 1352 lepos;
186 1276 278 1352 major
302 1277 400 1348 etiam,
421 1278 570 1354 magisque
591 1278 627 1334 de
648 1277 798 1347 industria,
821 1277 895 1333 iulo

63 1373 95 1430 0.
111 1374 239 1445 Caesare,
255 1373 340 1430 Lucii
354 1374 429 1443 fi1i0;
453 1385 481 1431 at
500 1375 602 1431 iisdem
622 1374 798 1450 temporibus
820 1373 849 1430 in

63 1467 101 1527 Μ.
119 1471 244 1540 Scauro,
260 1479 290 1526 et
304 1469 334 1526 in
349 1468 390 1526 M.
406 1469 502 1527 Druso
518 1471 710 1542 adolescente,
726 1470 851 1547 singula-

62 1566 99 1623 ris
113 1566 267 1634 severitas3
289 1565 319 1622 in
334 1565 369 1622 C.
380 1565 470 1624 Laelio
481 1567 572 1624 multa
581 1567 724 1638 hilaritas3
747 1567 776 1624 in
788 1567 849 1643 ejus

63 1661 196 1719 familiari
220 1661 359 1736 Scipione
388 1662 505 1719 ambitio
529 1664 628 1739 major,
652 1663 710 1721 vita
732 1664 847 1721 tristior.

63 1757 106 1814 De
119 1757 233 1815 Graecis
256 1767 361 1828 autem,
377 1758 492 1815 dulcem
506 1768 534 1814 et
548 1759 682 1831 facetum,
699 1761 848 1834 festivique
863 1768 894 1816 15

63 1854 211 1924 sermonis,
234 1866 319 1928 atque
342 1853 470 1911 inomni
492 1856 620 1912 oratione
642 1857 847 1927 simulatorem,

63 1967 147 2024 quem
162 1955 272 2022 Εἴρωνα
287 1949 383 2006 Graeci
397 1950 626 2021 nominaverunt,
639 1954 786 2021 Socratem
803 1970 849 2009 ac·

62 2045 209 2120 cepimus:
231 2055 343 2116 contra,
357 2045 548 2122 Pythagoram
569 2058 598 2105 et
618 2048 759 2105 Periclem
773 2068 848 2104 sum-

62 2160 138 2199 mam
148 2141 349 2199 auctoritatem
362 2152 542 2213 consecutos,
553 2143 615 2199 sine
626 2142 684 2199 ulla
696 2144 846 2200 hilaritate.

62 2237 207 2294 Callidum
229 2235 434 2308 Hannibalern,
453 2256 490 2295 ex
508 2237 672 2307 Poenorum,
688 2256 723 2293 ex
744 2238 848 2294 nostris
862 2250 894 2298 20

62 2333 197 2403 ducibus,
210 2332 252 2393 Q.
269 2330 427 2389 Maximum
450 2333 624 2408 accepimus,
640 2332 725 2389 facile
744 2333 846 2406 celare,

61 2440 169 2500 tacere,
186 2427 377 2499 dissimulare,
394 2429 533 2499 insidiari,
548 2429 703 2504 praecipere
723 2428 848 2485 hostium

62 2526 191 2584 consilia.
233 2523 269 2582 Iu
289 2543 345 2599 quo
372 2543 477 2600 genere
504 2524 600 2581 Graeci
620 2525 848 2583 Themistoclem

62 2634 91 2680 et
112 2623 268 2680 Pheraeum
291 2619 428 2678 Jasonem
450 2621 562 2678 caeteris
587 2630 771 2696 anteponunt.
812 2619 847 2678 In

61 2719 218 2794 primisque
232 2725 377 2773 versutum
392 2725 421 2772 et
435 2716 570 2773 callidum
592 2716 697 2773 factum
720 2715 846 2788 Solonis,
861 2722 894 2770 25

61 2814 119 2889 qui,
134 2832 193 2889 quo
207 2822 236 2869 et
249 2811 338 2869 tutior
351 2811 410 2868 vita
430 2811 490 2886 ejus
504 2822 589 2882 esset,
604 2821 633 2868 et
646 2812 709 2887 plus
724 2811 848 2886 aliquan·

60 2910 98 2969 do
111 2908 281 2985 reipublicae
295 2906 454 2983 prodesset,
469 2907 563 2964 furere
578 2926 608 2963 se
622 2907 773 2964 simularit.

98 3008 176 3066 Sunt
195 3004 243 3063 his
268 3003 318 3062 alii
339 3002 464 3065 multum
485 3005 631 3088 dispares,
655 3005 813 3089 simplices
834 3014 870 3064 et

286 3101 308 3158 6
