1904 3750
16 312 18 317 ,
67 247 109 306 56
279 255 416 314 emulus,
435 255 508 302 srva
528 255 572 302 nn
592 254 750 303 umenti.

116 421 208 461 essem
223 404 291 476 und,
306 414 336 461 et
348 405 434 479 pauci
450 405 604 463 admodum
619 405 784 476 familiares,
796 402 826 461 in
839 421 908 462 enm

116 519 279 558 sermonem
293 501 373 558 illum
388 501 527 572 incidere,
543 501 591 576 qni
612 512 674 558 tum
695 501 754 557 iere
774 500 908 560 omnibus

116 597 228 663 eratin
249 616 308 654 ore.
355 596 515 655 Meministi
536 599 613 657 enim
633 597 774 674 profecto,
795 597 906 670 Attice,

117 704 146 750 et
167 713 201 751 eo
221 694 322 770 magis,
338 693 413 767 quod
434 693 466 752 P.
483 690 614 770 Sulpicio
635 695 754 752 utebare
775 694 907 766 multum,

86 807 102 855 5
119 788 198 867 (curu
214 790 248 862 is,
260 790 393 848 tribunus
406 791 508 866 plebis,
524 790 640 867 capitali
655 791 723 848 odio
739 791 808 852 aQ.
823 791 910 848 Pom·

116 886 193 962 peio,
216 887 264 961 qui
288 897 349 944 tum
373 898 435 944 erat
459 888 571 959 consul,
596 887 758 959 dissideret,
783 907 907 962 quocum

118 983 355 1058 conjunctissime
379 995 408 1041 et
436 985 630 1042 amantissime
653 983 776 1064 vixerat)
801 995 908 1060 quanta

117 1079 265 1137 hominum
285 1090 360 1137 esset
378 1080 421 1138 vel
445 1080 605 1152 admiratio,
620 1081 664 1137 vel
685 1082 809 1156 querela
851 1081 909 1139 Ita·

117 1195 172 1250 que
185 1187 247 1234 tum
261 1177 401 1249 Scaevola,
417 1197 483 1235 cum
498 1178 528 1234 in
543 1197 607 1234 eam
621 1178 713 1252 ipsam
729 1178 908 1235 mentionem

72 1275 102 1325 10
118 1271 278 1343 incidisset,
303 1274 434 1349 exposuit
460 1275 545 1331 nobis
571 1293 734 1331 sermonem
761 1273 843 1331 Laelii
871 1274 908 1331 de

119 1368 257 1440 amicitiai,
274 1369 402 1426 habitum
425 1370 460 1426 ab
481 1369 531 1426 illo
552 1388 661 1441 secum,
681 1379 796 1426 etcum
818 1370 910 1427 altero

117 1483 235 1540 genero,
255 1465 289 1521 C.
311 1465 434 1536 Fannio,
453 1464 494 1523 Μ.
515 1465 584 1537 filio,
603 1466 705 1541 paucis
724 1467 825 1523 diebus
842 1476 910 1542 post

117 1571 238 1617 mortem
253 1561 394 1618 Africani.

156 1655 227 1731 Ejus
246 1657 446 1730 disputationis
460 1658 617 1715 sententias
631 1659 777 1717 memorias
792 1659 911 1717 manda·

72 1763 102 1812 15
119 1751 161 1821 vi;
183 1772 253 1827 quas
268 1753 323 1809 hoc
337 1753 411 1810 libro
426 1755 543 1829 exposui
565 1775 629 1811 meo
652 1757 805 1813 arbitratu:
827 1758 910 1832 quasi

118 1850 195 1906 enim
208 1849 284 1924 ipsos
296 1849 395 1906 induxi
406 1851 566 1925 loquentes,
578 1872 614 1908 ne
625 1853 748 1928 loquum
758 1864 787 1911 et
797 1853 907 1929 Inquit,

118 1946 221 2020 saepius
232 1948 475 2021 interponeretur;
501 1961 594 2022 atque,
606 1962 647 2021 ut,
659 1961 794 2026 tauquam
810 1970 827 2007 a
839 1970 910 2025 prae·

118 2044 257 2114 sentibus,
277 2063 374 2101 coram
396 2045 494 2102 haberi
516 2065 609 2102 sermo
630 2047 782 2104 videretur.
832 2048 908 2104 Cum

117 2140 195 2196 enim
220 2159 295 2214 saepe
319 2160 433 2197 mecum
457 2161 565 2218 ageres
586 2153 617 2198 ut
635 2143 671 2198 de
691 2144 819 2200 amicitiai
840 2144 910 2200 scri·

70 2236 216 2303 poberem
245 2237 361 2311 aliquid,
390 2238 478 2314 digna
505 2239 574 2294 mihi
603 2258 658 2309 res,
685 2259 751 2296 cum
780 2240 909 2296 omnium

119 2333 295 2407 cognitione,
324 2342 383 2389 tum
412 2333 509 2390 nostrii
537 2333 740 2406 familiaritate,
768 2336 829 2391 visa
856 2347 907 2392 est.

118 2426 219 2502 Itaque
238 2428 293 2485 feci
313 2448 370 2487 non
390 2430 504 2500 invitus
521 2440 551 2486 ut
564 2430 730 2504 prodessem
746 2432 842 2488 multis
858 2442 909 2488 tuo

118 2534 228 2600 rogatu.
272 2525 340 2595 Sed,
363 2536 394 2582 ut
415 2527 444 2582 in
466 2526 612 2582 “Catone
633 2526 774 2602 Majore,'’
797 2528 844 2603 qui
866 2540 910 2585 est

118 2621 241 2695 scriptus
270 2620 304 2676 ad
333 2630 361 2676 te
389 2621 424 2677 de
451 2631 609 2691 senectute,
638 2622 780 2680 Catonem
809 2623 909 2681 induxi

70 2721 102 2769 25
118 2735 216 2773 senem
238 2717 441 2790 disputantem,
459 2718 526 2791 qnia
546 2718 625 2774 nulla
645 2719 794 2776 videbatur
817 2721 909 2792 aptior

117 2831 249 2884 persona,
261 2832 324 2887 quae
339 2814 375 2869 de
390 2813 440 2869 illia
454 2825 537 2870 aetate
551 2814 725 2888 loqueretur,
737 2834 821 2889 quam
836 2815 909 2889 ejus,

114 2908 163 2982 qni
185 2920 214 2967 et
235 2909 396 2967 diutissime
411 2928 498 2966 senex
513 2910 622 2981 suisset,
638 2922 667 2967 et
685 2912 713 2968 in
733 2911 794 2985 ipsit
809 2929 910 2968 senec-

103 3014 170 3066 tute
178 3028 244 3088 prae
255 3010 375 3072 caeteris
386 3007 549 3080 floruisset,
563 3007 694 3079 smmum
699 3007 911 3082 accepissemus
