1904 3750
67 252 137 313 nt]
361 248 406 298 nn
424 248 569 299 ormons.
656 297 658 301 ,
864 234 905 296 t't

69 401 177 458 elaram
199 399 371 457 aedilioisset
384 399 415 457 in
429 399 551 471 Palatio,
566 408 595 456 et
607 398 721 476 plenam
734 397 858 476 dignita·

69 498 104 554 tis
118 497 255 567 domum;
276 515 340 571 quae
359 515 427 553 oum
440 495 526 572 vulgo
540 495 688 567 viseretur,
703 497 858 572 suffragata

69 593 197 672 domino,
212 609 287 649 novo
307 591 429 662 homini,
444 591 480 648 ad
495 592 674 649 consulatum
693 592 856 667 putabatur.

70 687 157 746 Hane
179 689 310 745 Scaurus
328 687 492 759 demolitus,
514 688 709 744 accessionem
730 686 858 763 adjunxit

71 785 189 841 edibus.
230 783 332 857 Itaque
348 783 396 840 ille
410 782 439 840 in
452 802 533 841 suam
544 783 661 840 domurn
676 784 858 841 consulatum
873 787 889 837 5

70 881 179 956 primus
208 880 319 937 attulit:
355 878 414 950 hio,
441 879 544 936 summi
571 888 600 936 et
626 879 777 937 clarissimi
804 877 858 936 viri

71 977 155 1049 lilius,
177 976 208 1034 in
235 977 354 1033 domum
380 975 609 1051 multiplicatam,
630 994 689 1032 non
714 975 858 1051 repulsam

71 1073 162 1130 solum
184 1072 293 1143 retulit,
316 1071 368 1128 sed
389 1071 587 1148 ignominiam,
606 1071 692 1127 etiarn
712 1071 859 1128 calamita·

71 1179 136 1226 tem.
177 1169 320 1226 Ornanda
339 1177 384 1224 est
403 1168 480 1226 enim
501 1166 627 1244 dignitas
641 1166 736 1236 domo,
750 1184 810 1222 non
824 1184 860 1222 ex

71 1265 155 1323 domo
173 1275 236 1322 tota
256 1264 427 1339 querenda:
456 1282 511 1322 neo
532 1264 618 1321 domo
644 1261 788 1331 dominus,
809 1261 859 1317 sed
874 1267 905 1316 1⁰

72 1361 190 1419 domino
204 1360 308 1418 domus
322 1359 499 1418 honestanda
512 1369 563 1417 est.
598 1359 646 1430 Et,
658 1369 689 1416 ut
703 1358 733 1415 in
747 1356 859 1415 uaeteris

72 1459 206 1516 habenda
218 1458 293 1516 ratio
307 1475 367 1514 non
380 1457 425 1514 sui
439 1457 541 1528 solum,
555 1456 606 1514 sed
620 1457 706 1513 etiam
721 1455 857 1525 aliorum3

71 1555 113 1612 sio
133 1555 164 1612 in
185 1556 274 1612 domo
295 1553 367 1610 olari
387 1553 521 1624 hominis,
536 1553 565 1610 in
586 1571 670 1627 quam
688 1562 717 1611 et
731 1551 859 1628 hospites

71 1651 153 1709 multi
174 1649 349 1726 reeipiendi,
363 1659 391 1706 et
405 1649 581 1707 admittenda
601 1650 750 1708 hominum
764 1648 859 1725 cujus·

72 1767 126 1823 que
140 1747 221 1805 modi
231 1746 397 1818 multitudo,
409 1746 571 1804 adhibenda
580 1756 624 1803 est
634 1765 704 1804 oura
716 1745 857 1804 leuitatis:
873 1753 904 1802 15

72 1846 152 1903 aliter
173 1845 270 1920 ampla
290 1843 393 1900 domus
408 1843 544 1900 dedecori
558 1843 676 1901 domino
689 1861 764 1920 sepe
777 1842 819 1914 lit,
833 1841 858 1899 si

70 1942 157 2008 estin
172 1943 208 1999 ed
223 1940 367 2009 solitud03
389 1949 418 1997 et
437 1939 570 2012 maxime,
585 1940 610 1997 si
625 1940 787 2014 aliquando,
803 1937 859 1996 alio

70 2040 200 2109 domino,
227 2037 315 2095 solita
340 2046 383 2094 est
412 2037 594 2111 frequentari.
647 2035 788 2094 Odiosum
814 2042 860 2092 est

69 2137 159 2209 enirn,
174 2154 243 2193 uum
259 2154 277 2191 a
288 2134 526 2210 pretereuntibus
539 2132 661 2189 dicitur:

99 2290 116 2317 “
125 2286 150 2335 O
161 2285 253 2333 domus
264 2282 379 2344 antiqua!
396 2283 460 2331 heu!
478 2296 551 2344 quum
568 2279 658 2342 dispari
673 2277 800 2326 dominare
816 2275 858 2325 do-

164 2365 235 2414 mino
244 2363 268 2412 !’'

71 2520 148 2594 quod
176 2517 305 2595 quidem,
330 2515 374 2573 his
400 2513 586 2590 temporibus,
611 2512 640 2570 in
667 2508 765 2569 multis
790 2508 859 2567 lieet

72 2615 178 2674 dicere.
222 2614 391 2671 Cavendum
409 2621 504 2670 autem
522 2619 575 2682 est,
588 2607 746 2686 presertim
760 2603 784 2661 si
798 2604 860 2681 ipse

72 2713 210 2783 edifioes,
219 2727 258 2768 ne
266 2709 471 2767 extramodum
483 2716 598 2781 sumptu
607 2715 635 2764 et
644 2700 859 2780 magnificentie

71 2809 212 2884 prodeas:
234 2823 293 2883 quo
313 2805 343 2863 in
363 2822 470 2882 genere
492 2803 613 2860 multum
634 2799 702 2858 nrali
722 2797 809 2856 etiam
829 2797 859 2856 iu

72 2905 206 2980 exemplo
220 2912 272 2961 est.
314 2901 450 2960 Studiose
463 2898 541 2959 enim
553 2898 693 2975 plerique,
704 2895 859 2972 presertim
873 2901 907 2954 ὕ

71 3000 103 3059 in
123 3001 200 3059 bane
215 3009 339 3076 partern,
362 2998 442 3062 saeta
460 2997 632 3084 principum
648 2994 828 3061 imitantur.
842 2999 885 3052 ut

302 3099 351 3157 7·
