<?xml version="1.0" encoding="UTF-8"?>
<!DOCTYPE html PUBLIC "-//W3C//DTD XHTML 1.0 Transitional//EN"
    "http://www.w3.org/TR/xhtml1/DTD/xhtml1-transitional.dtd">
<html xmlns="http://www.w3.org/1999/xhtml" xml:lang="en" lang="en">
 <head>
  <title>
</title>
<meta http-equiv="Content-Type" content="text/html;charset=utf-8" />
  <meta name='ocr-system' content='tesseract 3.04.00' />
  <meta name='ocr-capabilities' content='ocr_page ocr_carea ocr_par ocr_line ocrx_word'/>
</head>
<body>
  <div class='ocr_page' id='page_1' title='image "./mtciceronisdeof00dillgoog/mtciceronisdeof00dillgoog_0188.png"; bbox 0 0 1904 3750; ppageno 0'>
   <div class='ocr_carea' id='block_1_1' title="bbox 22 220 951 307">
    <p class='ocr_par' dir='ltr' id='par_1_1' title="bbox 22 220 951 307">
     <span class='ocr_line' id='line_1_1' title="bbox 22 220 951 307; baseline 0.01 -34"><span class='ocrx_word' id='word_1_1' title='bbox 22 283 24 286; x_wconf 40' lang='grc'>,</span> <span class='ocrx_word' id='word_1_2' title='bbox 55 227 151 288; x_wconf 70' lang='lat' dir='ltr'>nin]</span> <span class='ocrx_word' id='word_1_3' title='bbox 346 229 391 275; x_wconf 82' lang='lat' dir='ltr'>nn</span> <span class='ocrx_word' id='word_1_4' title='bbox 413 230 558 277; x_wconf 77' lang='lat' dir='ltr'>orrrcns.</span> <span class='ocrx_word' id='word_1_5' title='bbox 834 220 889 281; x_wconf 77' lang='lat'>181</span> <span class='ocrx_word' id='word_1_6' title='bbox 947 298 951 307; x_wconf 26' lang='lat'><strong>⁴</strong></span> 
     </span>
    </p>
   </div>
   <div class='ocr_carea' id='block_1_2' title="bbox 55 375 877 1222">
    <p class='ocr_par' dir='ltr' id='par_1_2' title="bbox 55 375 877 1222">
     <span class='ocr_line' id='line_1_2' title="bbox 56 375 846 454; baseline 0.008 -22"><span class='ocrx_word' id='word_1_7' title='bbox 56 375 178 434; x_wconf 63' lang='lat' dir='ltr'>fallere?</span> <span class='ocrx_word' id='word_1_8' title='bbox 224 376 306 432; x_wconf 89' lang='lat' dir='ltr'>Nihil</span> <span class='ocrx_word' id='word_1_9' title='bbox 326 377 457 452; x_wconf 84' lang='lat' dir='ltr'>profecto</span> <span class='ocrx_word' id='word_1_10' title='bbox 477 377 581 435; x_wconf 86' lang='lat' dir='ltr'>minus.</span> <span class='ocrx_word' id='word_1_11' title='bbox 626 376 679 434; x_wconf 84' lang='lat' dir='ltr'>Est</span> <span class='ocrx_word' id='word_1_12' title='bbox 699 395 767 454; x_wconf 82' lang='lat' dir='ltr'>ergo</span> <span class='ocrx_word' id='word_1_13' title='bbox 786 377 846 438; x_wconf 73' lang='lat' dir='ltr'><strong>ulla</strong></span> 
     </span>
     <span class='ocr_line' id='line_1_3' title="bbox 57 472 845 550; baseline 0.004 -22"><span class='ocrx_word' id='word_1_14' title='bbox 57 490 103 529; x_wconf 84' lang='lat' dir='ltr'>res</span> <span class='ocrx_word' id='word_1_15' title='bbox 117 472 200 543; x_wconf 77' lang='lat' dir='ltr'>tanti,</span> <span class='ocrx_word' id='word_1_16' title='bbox 214 483 262 528; x_wconf 89' lang='lat' dir='ltr'>aut</span> <span class='ocrx_word' id='word_1_17' title='bbox 274 475 456 530; x_wconf 87' lang='lat' dir='ltr'>commodum</span> <span class='ocrx_word' id='word_1_18' title='bbox 468 474 556 531; x_wconf 88' lang='lat' dir='ltr'>ullum</span> <span class='ocrx_word' id='word_1_19' title='bbox 571 484 630 532; x_wconf 81' lang='lat' dir='ltr'>tam</span> <span class='ocrx_word' id='word_1_20' title='bbox 644 475 845 550; x_wconf 85' lang='lat' dir='ltr'>expetendum,</span> 
     </span>
     <span class='ocr_line' id='line_1_4' title="bbox 57 568 845 643; baseline 0.005 -19"><span class='ocrx_word' id='word_1_21' title='bbox 57 579 89 625; x_wconf 90' lang='lat' dir='ltr'>ut</span> <span class='ocrx_word' id='word_1_22' title='bbox 109 568 162 626; x_wconf 87' lang='lat' dir='ltr'>viri</span> <span class='ocrx_word' id='word_1_23' title='bbox 185 569 253 625; x_wconf 92' lang='lat' dir='ltr'>boni</span> <span class='ocrx_word' id='word_1_24' title='bbox 275 580 303 624; x_wconf 85' lang='lat' dir='ltr'>et</span> <span class='ocrx_word' id='word_1_25' title='bbox 323 569 504 643; x_wconf 86' lang='lat' dir='ltr'>splendorem</span> <span class='ocrx_word' id='word_1_26' title='bbox 525 579 554 626; x_wconf 83' lang='lat' dir='ltr'>et</span> <span class='ocrx_word' id='word_1_27' title='bbox 577 589 683 628; x_wconf 89' lang='lat' dir='ltr'>nomen</span> <span class='ocrx_word' id='word_1_28' title='bbox 712 571 845 628; x_wconf 68' lang='lat' dir='ltr'>amittasi</span> 
     </span>
     <span class='ocr_line' id='line_1_5' title="bbox 57 664 844 741; baseline 0.001 -18"><span class='ocrx_word' id='word_1_29' title='bbox 57 664 138 724; x_wconf 83' lang='lat' dir='ltr'>Quid</span> <span class='ocrx_word' id='word_1_30' title='bbox 160 674 213 735; x_wconf 79' lang='lat' dir='ltr'>est,</span> <span class='ocrx_word' id='word_1_31' title='bbox 229 665 302 738; x_wconf 88' lang='lat' dir='ltr'>quod</span> <span class='ocrx_word' id='word_1_32' title='bbox 326 665 424 721; x_wconf 85' lang='lat' dir='ltr'>afferre</span> <span class='ocrx_word' id='word_1_33' title='bbox 446 675 555 722; x_wconf 86' lang='lat' dir='ltr'>tanturn</span> <span class='ocrx_word' id='word_1_34' title='bbox 577 666 686 723; x_wconf 83' lang='lat' dir='ltr'>utilitas</span> <span class='ocrx_word' id='word_1_35' title='bbox 704 666 767 738; x_wconf 81' lang='lat' dir='ltr'>ista,</span> <span class='ocrx_word' id='word_1_36' title='bbox 782 686 844 741; x_wconf 79' lang='lat' dir='ltr'>quae</span> 
     </span>
     <span class='ocr_line' id='line_1_6' title="bbox 57 760 877 836; baseline 0.004 -20"><span class='ocrx_word' id='word_1_37' title='bbox 57 760 172 831; x_wconf 86' lang='lat' dir='ltr'>dieitur,</span> <span class='ocrx_word' id='word_1_38' title='bbox 200 761 301 835; x_wconf 86' lang='lat' dir='ltr'><strong>possit,</strong></span> <span class='ocrx_word' id='word_1_39' title='bbox 329 772 466 836; x_wconf 82' lang='lat' dir='ltr'>quantum</span> <span class='ocrx_word' id='word_1_40' title='bbox 499 762 620 829; x_wconf 78' lang='lat' dir='ltr'>auferre,</span> <span class='ocrx_word' id='word_1_41' title='bbox 648 763 672 819; x_wconf 86' lang='lat' dir='ltr'>si</span> <span class='ocrx_word' id='word_1_42' title='bbox 699 762 765 820; x_wconf 88' lang='lat' dir='ltr'>boni</span> <span class='ocrx_word' id='word_1_43' title='bbox 792 762 877 820; x_wconf 81' lang='lat' dir='ltr'>viri5</span> 
     </span>
     <span class='ocr_line' id='line_1_7' title="bbox 56 856 844 932; baseline 0.003 -19"><span class='ocrx_word' id='word_1_44' title='bbox 56 875 163 914; x_wconf 87' lang='lat' dir='ltr'>nomen</span> <span class='ocrx_word' id='word_1_45' title='bbox 185 857 331 931; x_wconf 86' lang='lat' dir='ltr'>eripuerit,</span> <span class='ocrx_word' id='word_1_46' title='bbox 351 858 437 914; x_wconf 87' lang='lat' dir='ltr'>fidem</span> <span class='ocrx_word' id='word_1_47' title='bbox 455 856 652 932; x_wconf 81' lang='lat' dir='ltr'>justitiamque</span> <span class='ocrx_word' id='word_1_48' title='bbox 670 858 844 916; x_wconf 63' lang='lat' dir='ltr'>detraxerit?</span> 
     </span>
     <span class='ocr_line' id='line_1_8' title="bbox 55 953 845 1028; baseline 0.001 -19"><span class='ocrx_word' id='word_1_49' title='bbox 55 953 138 1015; x_wconf 81' lang='lat' dir='ltr'>Quid</span> <span class='ocrx_word' id='word_1_50' title='bbox 166 953 244 1009; x_wconf 84' lang='lat' dir='ltr'>enirn</span> <span class='ocrx_word' id='word_1_51' title='bbox 273 953 400 1024; x_wconf 80' lang='lat' dir='ltr'>interest,</span> <span class='ocrx_word' id='word_1_52' title='bbox 422 963 516 1010; x_wconf 80' lang='lat' dir='ltr'>utrum</span> <span class='ocrx_word' id='word_1_53' title='bbox 538 972 572 1009; x_wconf 86' lang='lat' dir='ltr'>ex</span> <span class='ocrx_word' id='word_1_54' title='bbox 593 953 760 1010; x_wconf 76' lang='lat' dir='ltr'>hominene</span> <span class='ocrx_word' id='word_1_55' title='bbox 781 955 845 1028; x_wconf 86' lang='lat' dir='ltr'>quis</span> 
     </span>
     <span class='ocr_line' id='line_1_9' title="bbox 57 1048 846 1126; baseline 0 -20"><span class='ocrx_word' id='word_1_56' title='bbox 57 1050 187 1106; x_wconf 74' lang='lat' dir='ltr'>conserat</span> <span class='ocrx_word' id='word_1_57' title='bbox 216 1049 245 1105; x_wconf 96' lang='lat' dir='ltr'>in</span> <span class='ocrx_word' id='word_1_58' title='bbox 273 1050 407 1120; x_wconf 85' lang='lat' dir='ltr'>belluam,</span> <span class='ocrx_word' id='word_1_59' title='bbox 429 1069 465 1106; x_wconf 84' lang='lat' dir='ltr'>an</span> <span class='ocrx_word' id='word_1_60' title='bbox 486 1049 516 1106; x_wconf 89' lang='lat' dir='ltr'>in</span> <span class='ocrx_word' id='word_1_61' title='bbox 537 1048 662 1105; x_wconf 88' lang='lat' dir='ltr'>hominis</span> <span class='ocrx_word' id='word_1_62' title='bbox 683 1049 774 1126; x_wconf 75' lang='lat' dir='ltr'>figurd</span> <span class='ocrx_word' id='word_1_63' title='bbox 795 1049 846 1106; x_wconf 88' lang='lat' dir='ltr'>irn-</span> 
     </span>
     <span class='ocr_line' id='line_1_10' title="bbox 56 1146 455 1222; baseline -0.003 -19"><span class='ocrx_word' id='word_1_64' title='bbox 56 1146 223 1204; x_wconf 81' lang='lat' dir='ltr'>mnnitatem</span> <span class='ocrx_word' id='word_1_65' title='bbox 238 1156 319 1222; x_wconf 83' lang='lat' dir='ltr'>gerat</span> <span class='ocrx_word' id='word_1_66' title='bbox 333 1146 455 1202; x_wconf 68' lang='lat' dir='ltr'>belluaei</span> 
     </span>
    </p>
   </div>
   <div class='ocr_carea' id='block_1_3' title="bbox 54 1335 893 2275">
    <p class='ocr_par' dir='ltr' id='par_1_3' title="bbox 54 1335 893 2275">
     <span class='ocr_line' id='line_1_11' title="bbox 95 1335 893 1411; baseline 0 -16"><span class='ocrx_word' id='word_1_67' title='bbox 95 1337 182 1395; x_wconf 88' lang='lat' dir='ltr'><strong>XXI.</strong></span> <span class='ocrx_word' id='word_1_68' title='bbox 210 1335 313 1397; x_wconf 60' lang='lat' dir='ltr'>Quid?</span> <span class='ocrx_word' id='word_1_69' title='bbox 349 1337 398 1411; x_wconf 92' lang='lat' dir='ltr'>qui</span> <span class='ocrx_word' id='word_1_70' title='bbox 430 1336 527 1395; x_wconf 80' lang='lat' dir='ltr'>omnia</span> <span class='ocrx_word' id='word_1_71' title='bbox 559 1347 639 1394; x_wconf 78' lang='lat' dir='ltr'>reeta</span> <span class='ocrx_word' id='word_1_72' title='bbox 667 1344 696 1392; x_wconf 83' lang='lat' dir='ltr'>et</span> <span class='ocrx_word' id='word_1_73' title='bbox 726 1335 846 1394; x_wconf 78' lang='lat' dir='ltr'>honesta</span> <span class='ocrx_word' id='word_1_74' title='bbox 861 1345 893 1395; x_wconf 85' lang='lat'>10</span> 
     </span>
     <span class='ocr_line' id='line_1_12' title="bbox 56 1432 844 1510; baseline 0.001 -19"><span class='ocrx_word' id='word_1_75' title='bbox 56 1435 217 1510; x_wconf 83' lang='lat' dir='ltr'>negligunt,</span> <span class='ocrx_word' id='word_1_76' title='bbox 245 1433 401 1491; x_wconf 90' lang='lat' dir='ltr'>dummodo</span> <span class='ocrx_word' id='word_1_77' title='bbox 431 1432 589 1508; x_wconf 80' lang='lat' dir='ltr'>potentiam</span> <span class='ocrx_word' id='word_1_78' title='bbox 624 1442 844 1508; x_wconf 80' lang='lat' dir='ltr'>consequantur,</span> 
     </span>
     <span class='ocr_line' id='line_1_13' title="bbox 56 1529 845 1604; baseline 0 -18"><span class='ocrx_word' id='word_1_79' title='bbox 56 1548 152 1587; x_wconf 86' lang='lat' dir='ltr'>nonne</span> <span class='ocrx_word' id='word_1_80' title='bbox 167 1530 244 1587; x_wconf 90' lang='lat' dir='ltr'>idem</span> <span class='ocrx_word' id='word_1_81' title='bbox 259 1529 378 1600; x_wconf 80' lang='lat' dir='ltr'>faciunt,</span> <span class='ocrx_word' id='word_1_82' title='bbox 393 1529 470 1604; x_wconf 89' lang='lat' dir='ltr'>qnod</span> <span class='ocrx_word' id='word_1_83' title='bbox 492 1530 525 1600; x_wconf 89' lang='lat' dir='ltr'>is,</span> <span class='ocrx_word' id='word_1_84' title='bbox 540 1529 589 1604; x_wconf 88' lang='lat' dir='ltr'>qui</span> <span class='ocrx_word' id='word_1_85' title='bbox 604 1529 690 1586; x_wconf 80' lang='lat' dir='ltr'>etiam</span> <span class='ocrx_word' id='word_1_86' title='bbox 711 1547 845 1587; x_wconf 81' lang='lat' dir='ltr'><strong>socerum</strong></span> 
     </span>
     <span class='ocr_line' id='line_1_14' title="bbox 56 1623 844 1700; baseline 0.004 -20"><span class='ocrx_word' id='word_1_87' title='bbox 56 1623 162 1682; x_wconf 79' lang='lat' dir='ltr'>habere</span> <span class='ocrx_word' id='word_1_88' title='bbox 187 1625 277 1682; x_wconf 85' lang='lat' dir='ltr'>voluit</span> <span class='ocrx_word' id='word_1_89' title='bbox 301 1643 377 1695; x_wconf 89' lang='lat' dir='ltr'>eum,</span> <span class='ocrx_word' id='word_1_90' title='bbox 402 1624 484 1700; x_wconf 86' lang='lat' dir='ltr'>cujus</span> <span class='ocrx_word' id='word_1_91' title='bbox 508 1625 569 1700; x_wconf 85' lang='lat' dir='ltr'>ipse</span> <span class='ocrx_word' id='word_1_92' title='bbox 594 1624 716 1682; x_wconf 58' lang='lat' dir='ltr'>audaci&amp;</span> <span class='ocrx_word' id='word_1_93' title='bbox 741 1636 844 1700; x_wconf 78' lang='lat' dir='ltr'>potens</span> 
     </span>
     <span class='ocr_line' id='line_1_15' title="bbox 55 1712 844 1797; baseline 0.001 -19"><span class='ocrx_word' id='word_1_94' title='bbox 55 1712 151 1778; x_wconf 68' lang='lat' dir='ltr'>ess&#39;eti</span> <span class='ocrx_word' id='word_1_95' title='bbox 205 1721 282 1778; x_wconf 85' lang='lat' dir='ltr'>Utile</span> <span class='ocrx_word' id='word_1_96' title='bbox 304 1721 330 1777; x_wconf 92' lang='lat' dir='ltr'>ei</span> <span class='ocrx_word' id='word_1_97' title='bbox 351 1721 499 1777; x_wconf 88' lang='lat' dir='ltr'>videbatur</span> <span class='ocrx_word' id='word_1_98' title='bbox 525 1722 679 1797; x_wconf 89' lang='lat' dir='ltr'>plurimum</span> <span class='ocrx_word' id='word_1_99' title='bbox 700 1740 785 1797; x_wconf 78' lang='lat' dir='ltr'>posse</span> <span class='ocrx_word' id='word_1_100' title='bbox 807 1721 844 1779; x_wconf 87' lang='lat' dir='ltr'>al·</span> 
     </span>
     <span class='ocr_line' id='line_1_16' title="bbox 55 1817 891 1894; baseline 0.004 -20"><span class='ocrx_word' id='word_1_101' title='bbox 55 1819 145 1875; x_wconf 82' lang='lat' dir='ltr'>terius</span> <span class='ocrx_word' id='word_1_102' title='bbox 174 1817 290 1874; x_wconf 74' lang='lat' dir='ltr'>invidid.</span> <span class='ocrx_word' id='word_1_103' title='bbox 334 1817 379 1874; x_wconf 71' lang='lat' dir='ltr'>&#39;Id</span> <span class='ocrx_word' id='word_1_104' title='bbox 399 1837 484 1892; x_wconf 84' lang='lat' dir='ltr'>quarn</span> <span class='ocrx_word' id='word_1_105' title='bbox 505 1817 642 1893; x_wconf 81' lang='lat' dir='ltr'>injustum</span> <span class='ocrx_word' id='word_1_106' title='bbox 662 1819 692 1875; x_wconf 91' lang='lat' dir='ltr'>in</span> <span class='ocrx_word' id='word_1_107' title='bbox 711 1819 842 1894; x_wconf 77' lang='lat' dir='ltr'>patriam,</span> <span class='ocrx_word' id='word_1_108' title='bbox 859 1829 891 1878; x_wconf 79' lang='lat'>15</span> 
     </span>
     <span class='ocr_line' id='line_1_17' title="bbox 54 1913 843 1989; baseline 0 -17"><span class='ocrx_word' id='word_1_109' title='bbox 54 1933 141 1989; x_wconf 80' lang='lat' dir='ltr'><strong>quam</strong></span> <span class='ocrx_word' id='word_1_110' title='bbox 170 1913 283 1985; x_wconf 86' lang='lat' dir='ltr'>inutile,</span> <span class='ocrx_word' id='word_1_111' title='bbox 303 1932 388 1988; x_wconf 89' lang='lat' dir='ltr'>quam</span> <span class='ocrx_word' id='word_1_112' title='bbox 415 1923 498 1988; x_wconf 84' lang='lat' dir='ltr'>turpe</span> <span class='ocrx_word' id='word_1_113' title='bbox 525 1924 609 1984; x_wconf 88' lang='lat' dir='ltr'>esset,</span> <span class='ocrx_word' id='word_1_114' title='bbox 633 1933 692 1970; x_wconf 88' lang='lat' dir='ltr'>non</span> <span class='ocrx_word' id='word_1_115' title='bbox 718 1914 843 1972; x_wconf 79' lang='lat' dir='ltr'>videbat.</span> 
     </span>
     <span class='ocr_line' id='line_1_18' title="bbox 55 2009 844 2086; baseline -0.001 -19"><span class='ocrx_word' id='word_1_116' title='bbox 55 2009 121 2086; x_wconf 85' lang='lat' dir='ltr'>lpse</span> <span class='ocrx_word' id='word_1_117' title='bbox 144 2019 240 2067; x_wconf 83' lang='lat' dir='ltr'>autem</span> <span class='ocrx_word' id='word_1_118' title='bbox 261 2029 341 2067; x_wconf 80' lang='lat' dir='ltr'>socer</span> <span class='ocrx_word' id='word_1_119' title='bbox 363 2010 392 2066; x_wconf 90' lang='lat' dir='ltr'>in</span> <span class='ocrx_word' id='word_1_120' title='bbox 413 2028 463 2066; x_wconf 90' lang='lat' dir='ltr'>ore</span> <span class='ocrx_word' id='word_1_121' title='bbox 484 2028 595 2084; x_wconf 86' lang='lat' dir='ltr'>semper</span> <span class='ocrx_word' id='word_1_122' title='bbox 614 2009 732 2066; x_wconf 81' lang='lat' dir='ltr'>Graecos</span> <span class='ocrx_word' id='word_1_123' title='bbox 744 2027 844 2066; x_wconf 69' lang='lat' dir='ltr'>versus</span> 
     </span>
     <span class='ocr_line' id='line_1_19' title="bbox 55 2104 842 2178; baseline -0.004 -16"><span class='ocrx_word' id='word_1_124' title='bbox 55 2106 92 2164; x_wconf 87' lang='lat' dir='ltr'>de</span> <span class='ocrx_word' id='word_1_125' title='bbox 113 2105 272 2164; x_wconf 81' lang='lat' dir='ltr'>Phoenissis</span> <span class='ocrx_word' id='word_1_126' title='bbox 299 2106 432 2176; x_wconf 84' lang='lat' dir='ltr'>habebat,</span> <span class='ocrx_word' id='word_1_127' title='bbox 454 2122 526 2178; x_wconf 87' lang='lat' dir='ltr'>quos</span> <span class='ocrx_word' id='word_1_128' title='bbox 553 2104 648 2160; x_wconf 81' lang='lat' dir='ltr'>dinam</span> <span class='ocrx_word' id='word_1_129' title='bbox 674 2114 707 2160; x_wconf 87' lang='lat' dir='ltr'>ut</span> <span class='ocrx_word' id='word_1_130' title='bbox 731 2114 842 2178; x_wconf 76' lang='lat' dir='ltr'>potero,</span> 
     </span>
     <span class='ocr_line' id='line_1_20' title="bbox 55 2196 844 2275; baseline -0.005 -15"><span class='ocrx_word' id='word_1_131' title='bbox 55 2202 207 2260; x_wconf 81' lang='lat' dir='ltr'>incondite</span> <span class='ocrx_word' id='word_1_132' title='bbox 226 2202 356 2273; x_wconf 84' lang='lat' dir='ltr'>fortasse,</span> <span class='ocrx_word' id='word_1_133' title='bbox 377 2202 428 2258; x_wconf 89' lang='lat' dir='ltr'>sed</span> <span class='ocrx_word' id='word_1_134' title='bbox 448 2211 555 2270; x_wconf 87' lang='lat' dir='ltr'>tamen,</span> <span class='ocrx_word' id='word_1_135' title='bbox 576 2209 609 2256; x_wconf 86' lang='lat' dir='ltr'>ut</span> <span class='ocrx_word' id='word_1_136' title='bbox 628 2217 674 2256; x_wconf 82' lang='lat' dir='ltr'>res</span> <span class='ocrx_word' id='word_1_137' title='bbox 693 2199 782 2275; x_wconf 70' lang='lat' dir='ltr'>possit</span> <span class='ocrx_word' id='word_1_138' title='bbox 801 2196 844 2256; x_wconf 88' lang='lat' dir='ltr'>in·</span> 
     </span>
    </p>
   </div>
   <div class='ocr_carea' id='block_1_4' title="bbox 55 2299 891 2376">
    <p class='ocr_par' dir='ltr' id='par_1_4' title="bbox 55 2299 891 2376">
     <span class='ocr_line' id='line_1_21' title="bbox 55 2299 891 2376; baseline -0.007 -20"><span class='ocrx_word' id='word_1_139' title='bbox 55 2299 163 2376; x_wconf 60' lang='lat' dir='ltr'>tangi:</span> <span class='ocrx_word' id='word_1_140' title='bbox 684 2340 687 2347; x_wconf 93' lang='lat'>.</span> <span class='ocrx_word' id='word_1_141' title='bbox 857 2299 891 2350; x_wconf 75' lang='lat' dir='ltr'>n</span> 
     </span>
    </p>
   </div>
   <div class='ocr_carea' id='block_1_5' title="bbox 132 2448 832 2594">
    <p class='ocr_par' dir='ltr' id='par_1_5' title="bbox 132 2448 832 2594">
     <span class='ocr_line' id='line_1_22' title="bbox 132 2448 832 2514; baseline -0.006 -13"><span class='ocrx_word' id='word_1_142' title='bbox 132 2457 148 2484; x_wconf 78' lang='lat'>‘⁴</span> <span class='ocrx_word' id='word_1_143' title='bbox 155 2451 231 2514; x_wconf 77' lang='lat' dir='ltr'><strong>Nam,</strong></span> <span class='ocrx_word' id='word_1_144' title='bbox 242 2452 263 2500; x_wconf 81' lang='lat' dir='ltr'>si</span> <span class='ocrx_word' id='word_1_145' title='bbox 274 2453 419 2501; x_wconf 81' lang='lat' dir='ltr'>violandum</span> <span class='ocrx_word' id='word_1_146' title='bbox 429 2458 469 2499; x_wconf 83' lang='lat' dir='ltr'>est</span> <span class='ocrx_word' id='word_1_147' title='bbox 476 2451 528 2513; x_wconf 79' lang='lat' dir='ltr'>jus,</span> <span class='ocrx_word' id='word_1_148' title='bbox 538 2448 660 2514; x_wconf 82' lang='lat' dir='ltr'>regnandi</span> <span class='ocrx_word' id='word_1_149' title='bbox 671 2449 751 2513; x_wconf 55' lang='lat' dir='ltr'>gratia</span> <span class='ocrx_word' id='word_1_150' title='bbox 829 2466 832 2471; x_wconf 91' lang='lat'>·</span> 
     </span>
     <span class='ocr_line' id='line_1_23' title="bbox 158 2528 766 2594; baseline -0.005 -14"><span class='ocrx_word' id='word_1_151' title='bbox 158 2532 312 2580; x_wconf 76' lang='lat' dir='ltr'>violandum</span> <span class='ocrx_word' id='word_1_152' title='bbox 322 2539 374 2580; x_wconf 82' lang='lat' dir='ltr'>est:</span> <span class='ocrx_word' id='word_1_153' title='bbox 392 2532 447 2579; x_wconf 73' lang='lat' dir='ltr'>eliis</span> <span class='ocrx_word' id='word_1_154' title='bbox 459 2531 532 2579; x_wconf 74' lang='lat' dir='ltr'>rebus</span> <span class='ocrx_word' id='word_1_155' title='bbox 543 2531 661 2594; x_wconf 71' lang='lat' dir='ltr'>pietatem</span> <span class='ocrx_word' id='word_1_156' title='bbox 672 2528 766 2578; x_wconf 76' lang='lat' dir='ltr'>colu.”</span> 
     </span>
    </p>
   </div>
   <div class='ocr_carea' id='block_1_6' title="bbox 56 2677 903 3056">
    <p class='ocr_par' dir='ltr' id='par_1_6' title="bbox 57 2677 843 2763">
     <span class='ocr_line' id='line_1_24' title="bbox 57 2677 843 2763; baseline -0.01 -18"><span class='ocrx_word' id='word_1_157' title='bbox 57 2685 196 2763; x_wconf 76' lang='lat' dir='ltr'>Capitalis</span> <span class='ocrx_word' id='word_1_158' title='bbox 217 2684 361 2759; x_wconf 78' lang='lat' dir='ltr'>Eteocles,</span> <span class='ocrx_word' id='word_1_159' title='bbox 383 2684 427 2740; x_wconf 88' lang='lat' dir='ltr'>vel</span> <span class='ocrx_word' id='word_1_160' title='bbox 448 2682 544 2757; x_wconf 85' lang='lat' dir='ltr'>potius</span> <span class='ocrx_word' id='word_1_161' title='bbox 565 2682 728 2758; x_wconf 76' lang='lat' dir='ltr'>Euripides,</span> <span class='ocrx_word' id='word_1_162' title='bbox 742 2679 792 2756; x_wconf 80' lang='lat' dir='ltr'>qni</span> <span class='ocrx_word' id='word_1_163' title='bbox 811 2677 843 2738; x_wconf 81' lang='lat' dir='ltr'>id</span> 
     </span>
    </p>

    <p class='ocr_par' dir='ltr' id='par_1_7' title="bbox 56 2778 844 2857">
     <span class='ocr_line' id='line_1_25' title="bbox 56 2778 844 2857; baseline -0.009 -16"><span class='ocrx_word' id='word_1_164' title='bbox 56 2801 155 2854; x_wconf 87' lang='lat' dir='ltr'>unum,</span> <span class='ocrx_word' id='word_1_165' title='bbox 170 2781 248 2857; x_wconf 85' lang='lat' dir='ltr'>quod</span> <span class='ocrx_word' id='word_1_166' title='bbox 267 2781 397 2838; x_wconf 86' lang='lat' dir='ltr'>omniurn</span> <span class='ocrx_word' id='word_1_167' title='bbox 418 2778 670 2840; x_wconf 81' lang='lat' dir='ltr'>sceleratissimum</span> <span class='ocrx_word' id='word_1_168' title='bbox 688 2778 782 2851; x_wconf 81' lang='lat' dir='ltr'>fuerit,</span> <span class='ocrx_word' id='word_1_169' title='bbox 796 2794 844 2835; x_wconf 86' lang='lat' dir='ltr'>ex·</span> 
     </span>
    </p>

    <p class='ocr_par' dir='ltr' id='par_1_8' title="bbox 56 2874 903 3056">
     <span class='ocr_line' id='line_1_26' title="bbox 56 2874 903 2956; baseline -0.001 -20"><span class='ocrx_word' id='word_1_170' title='bbox 56 2874 174 2956; x_wconf 65' lang='lat' dir='ltr'>deperit.</span> <span class='ocrx_word' id='word_1_171' title='bbox 857 2884 903 2935; x_wconf 61' lang='lat' dir='ltr'>‘b</span> 
     </span>
     <span class='ocr_line' id='line_1_27' title="bbox 91 2971 881 3056; baseline 0.005 -23"><span class='ocrx_word' id='word_1_172' title='bbox 91 2973 177 3049; x_wconf 68' lang='lat' dir='ltr'>Quid</span> <span class='ocrx_word' id='word_1_173' title='bbox 204 2972 292 3052; x_wconf 81' lang='lat' dir='ltr'>igitur</span> <span class='ocrx_word' id='word_1_174' title='bbox 317 2973 430 3034; x_wconf 82' lang='lat' dir='ltr'>minuta</span> <span class='ocrx_word' id='word_1_175' title='bbox 458 2971 881 3056; x_wconf 55' lang='lat' dir='ltr'>noiiig&#39;irnnn,iierednm</span> 
     </span>
    </p>
   </div>
   <div class='ocr_carea' id='block_1_7' title="bbox 0 0 956 3750">
    <p class='ocr_par' dir='ltr' id='par_1_9' title="bbox 0 0 956 3750">
     <span class='ocr_line' id='line_1_28' title="bbox 0 0 956 3750; baseline 0 0"><span class='ocrx_word' id='word_1_176' title='bbox 0 0 956 3750; x_wconf 95' lang='lat' dir='ltr'> </span> 
     </span>
    </p>
   </div>
  </div>
 </body>
</html>
