1904 3750
48 241 81 288 L
90 242 135 303 n]
354 241 396 289 on
418 243 565 291 oramus.
650 317 655 325 .
843 232 900 295 129

51 391 162 464 tenuis,
180 410 262 463 cum,
277 388 419 466 quidquid
440 391 548 450 factum
568 390 615 464 sit,
630 410 660 450 se
681 402 852 469 spectatum,

53 507 116 547 non
152 489 311 559 fortunam,
339 498 429 563 putet,
457 508 516 546 non
550 489 637 546 modo
665 489 706 547 illi
733 490 782 564 qui
810 500 853 548 est

54 585 187 658 meritus,
203 585 255 642 sed
271 584 358 642 etiam
374 584 430 642 illis
445 605 461 643 a
476 586 579 660 quibus
601 597 757 663 exspectat,
774 587 854 664 (eget
917 600 920 605 '

54 684 135 741 enirn
156 682 271 762 multis)
294 692 408 759 gratum
429 701 460 740 se
481 684 572 740 videri
592 686 696 742 studet.
748 685 853 760 Neque

55 799 126 837 vero
153 778 249 836 verbis
279 788 366 854 auget
392 798 476 836 suum
503 799 619 852 munus,
644 780 668 837 si
696 800 753 855 quo
781 782 886 840 sorte5

56 876 200 953 fungitur,
227 876 280 933 sed
310 875 398 933 etiam
431 886 575 935 extenuat.
630 877 854 954 Videndumque

56 973 130 1031 illud
161 985 216 1045 est,
245 973 333 1047 quod,
361 973 385 1030 si
418 973 586 1049 opulentum
622 973 855 1050 fortunatumque

57 1069 234 1142 defenderis,
250 1070 280 1127 in
303 1069 352 1127 illo
373 1090 440 1142 uno,
457 1082 505 1129 aut
526 1072 600 1127 sorte
619 1070 649 1126 in
670 1070 768 1127 liberis
782 1073 854 1148 ejus,

56 1177 157 1225 manet
171 1167 282 1244 gratia:
304 1165 349 1223 sin
364 1177 460 1224 autem
474 1167 601 1242 inopem,
615 1167 737 1242 probum
759 1177 855 1224 tamen

57 1273 87 1322 et
100 1263 278 1334 modestum,
293 1281 395 1320 omnes
414 1282 475 1320 non
496 1263 620 1340 improbi
640 1263 763 1319 humiles
779 1262 856 1339 (quae
872 1269 903 1318 10

57 1379 166 1438 magna
185 1360 216 1418 iu
237 1359 345 1436 populo
366 1361 521 1418 multitudo
542 1362 599 1439 est)
614 1359 779 1436 presidium
800 1361 855 1418 sibi

57 1469 191 1534 paratum
214 1457 324 1519 vident.
362 1456 562 1518 Quamobrem
584 1457 688 1515 melius
711 1457 784 1533 apud
807 1459 856 1515 bo·

58 1573 123 1627 nos,
138 1574 225 1630 quam
246 1553 324 1631 apud
341 1554 514 1634 fortunatos,
529 1555 703 1613 beneficium
718 1556 855 1614 collocari

58 1663 168 1734 putes

81 1734 205 1808 ‘fiands
231 1748 352 1808 omnino
380 1767 469 1825 opera
496 1759 549 1821 est,
576 1759 608 1807 ut
641 1752 721 1808 omni
755 1752 855 1828 generi
871 1759 903 1808 15

59 1846 226 1904 satisfacere
247 1845 399 1922 possimus.
442 1846 511 1917 Sed,
533 1846 557 1902 si
578 1866 624 1904 res
644 1847 674 1904 in
696 1850 856 1907 contentio-

59 1961 127 2000 nem
150 1943 258 2015 veniet,
281 1942 417 2000 nimirum
441 1943 658 2001 Themistocles
682 1956 726 2002 est
754 1956 855 2003 auctor

60 2039 257 2110 adhibendus;
279 2038 340 2114 qui,
355 2057 422 2097 cum
444 2040 652 2111 consuleretur,
668 2050 763 2098 utrum
778 2041 855 2098 bono

58 2137 120 2195 viro
146 2136 280 2213 pauperi,
310 2155 346 2192 an
374 2136 471 2193 minus
499 2136 620 2213 probato
648 2136 739 2207 diviti,
767 2136 855 2193 filiam

59 2233 232 2304 collocarem
262 2231 357 2308 “Ego
377 2235 475 2305 vero,''
498 2233 601 2307 inquit,
624 2232 729 2289 “malo
751 2232 853 2304 virum,
870 2239 903 2289 20

59 2330 108 2405 qui
128 2330 256 2407 pecunid
279 2338 373 2406 egeat,
388 2348 474 2404 quam
495 2329 660 2405 pecuniam,
680 2348 743 2405 quae
764 2329 852 2386 viro.'’

60 2425 119 2483 Sed
142 2425 273 2501 corrupti
298 2443 392 2482 mores
415 2425 618 2500 depravatique
643 2435 709 2482 sunt
734 2424 855 2482 admira·

59 2522 138 2581 tione
165 2522 348 2592 divitiarum3
380 2541 500 2596 quarum
528 2523 696 2599 magnitudo
721 2520 789 2596 quid
818 2521 853 2578 ad

57 2637 295 2694 unumquemque
306 2620 436 2676 nostrum
447 2619 592 2695 pertinet?
632 2619 718 2678 Illum
734 2618 853 2675 sortasse

59 2717 184 2794 adjuvat,
200 2715 251 2791 qui
272 2716 376 2773 habet:
398 2735 435 2773 ne
457 2717 485 2773 id
507 2717 622 2792 quidem
644 2734 773 2790 semper:
802 2716 851 2774 sed
868 2729 900 2780 25

56 2812 104 2872 sac
128 2813 249 2891 juvare:
281 2813 407 2871 utentior
435 2832 504 2871 sane
527 2815 581 2885 sit3
612 2811 760 2871 honestior
784 2829 853 2871 vero

54 2910 226 2987 quomodo?
278 2909 371 2972 Quod
391 2909 416 2966 si
436 2910 524 2967 etiam
550 2910 644 2969 bonus
665 2907 721 2967 erit
741 2907 799 2982 uir,
814 2928 857 2968 ne

56 3004 219 3087 impediant
237 3004 355 3085 divitie,
375 3027 435 3089 quo
455 3007 557 3074 miuus
576 3005 821 3094 'rutenenses
835 3023 886 3066 ue
