1904 3750
314 273 359 320 nu
379 273 582 322 sannorum.
857 261 898 320 47

59 436 144 478 suum
181 422 292 494 eadem,
322 442 385 498 quae
413 423 635 500 coagmentavit,
663 433 767 480 natura
794 422 850 479 dis·

59 518 151 575 solvit.
193 517 234 577 Ut
255 538 368 591 navem,
391 529 423 576 ut
446 520 612 592 aedificium,
627 519 704 578 idem
729 519 850 577 destruit

59 615 205 688 facillime,
231 616 280 692 qui
308 617 479 687 construxit,
502 617 546 674 sic
574 617 718 675 hominem
747 617 849 674 eadem

57 713 178 786 optime,
216 732 280 787 quae
315 712 536 790 conglutinavit,
571 724 675 771 natura
709 713 848 770 dissolvit.

57 807 77 863 J
80 828 124 865 am
138 808 233 865 omnis
247 809 458 885 conglutinatio
473 829 575 867 recens
590 829 675 886 aegre,
691 810 850 867 inveterata
863 816 880 864 5

59 905 153 976 facile,
169 906 321 963 divellitur.
364 905 409 962 Ita
422 906 464 977 fit,
480 916 511 962 ut
526 905 597 963 illud
611 907 697 963 breve
708 907 772 964 vitae
784 907 850 964 reli-

56 1021 146 1076 quum
169 1021 224 1059 nec
247 1002 329 1059 avide
353 1003 546 1078 appetendum
565 1003 692 1073 senibus,
708 1023 763 1060 nec
786 1004 849 1062 sine

57 1099 146 1156 causa
174 1100 365 1156 deserendum
393 1099 438 1157 sit.
489 1100 634 1173 Vetatque
661 1099 847 1176 Pythagoras,

57 1195 168 1271 injussu
183 1195 373 1271 imperatoris,
391 1194 434 1272 (id
449 1208 502 1267 est,
518 1195 589 1274 Dei)
606 1195 642 1252 de
662 1196 798 1270 praesidio
819 1206 848 1254 et

57 1293 181 1349 statione
195 1292 259 1349 vitae
275 1293 424 1350 decedere.
468 1292 585 1349 Solonis
606 1292 722 1367 quidem
737 1291 849 1367 sapien·
864 1297 894 1346 10

56 1389 94 1445 tis
107 1389 235 1465 elogium
250 1400 302 1460 est,
318 1408 375 1464 qno
391 1408 421 1446 se
432 1399 519 1465 negat
534 1389 607 1446 velle
623 1408 705 1446 suam
725 1399 848 1446 mortem

57 1483 157 1541 dolore
186 1485 345 1542 amicorum
379 1495 408 1541 et
442 1485 576 1542 lamentis
610 1503 721 1542 vacare.
776 1485 849 1542 Vult

58 1579 175 1659 (credo)
191 1600 221 1637 se
235 1599 299 1637 esse
314 1599 413 1637 carum
434 1581 502 1638 suis
545 1581 604 1638 Sed
626 1581 701 1637 haud
723 1580 795 1653 scic,
811 1601 847 1639 an

57 1678 159 1734 melius
174 1677 304 1734 Ennius:

110 1850 218 1899 “Nemo
230 1867 270 1899 me
281 1851 399 1915 lacrymis
410 1852 518 1914 decoret,
530 1867 610 1914 neque
622 1853 711 1900 funera
722 1852 784 1901 fletu
864 1863 895 1912 15

137 1931 244 1979 naxia*

57 2064 126 2121 Non
149 2076 249 2122 censet
272 2066 428 2142 lugendam
452 2087 516 2124 esse
539 2076 672 2138 mortem,
687 2085 773 2141 quam
796 2066 848 2123 im-

56 2161 216 2218 mortalitas
230 2173 432 2236 consequatur.

96 2257 114 2313 J
117 2277 162 2314 am
177 2277 278 2314 sensus
293 2259 427 2315 morienti
443 2258 547 2333 aliquis
560 2276 624 2316 esse
644 2266 750 2333 potest,
766 2257 847 2332 isque

57 2353 92 2410 ad
107 2353 244 2430 exiguum
258 2364 381 2429 tempus,
396 2355 555 2429 praesertim
579 2355 661 2411 seni:
683 2364 749 2429 post
773 2372 848 2410 mor·
863 2368 896 2418 20

56 2460 114 2507 tem
129 2450 256 2524 quidem,
271 2469 373 2507 sensus
388 2461 437 2507 aut
451 2452 594 2527 optandus
611 2461 659 2508 aut
680 2450 777 2507 nullus
791 2460 845 2508 est.

56 2546 116 2603 Sed
131 2546 188 2603 hoc
199 2547 369 2602 meditatum
392 2547 427 2603 ab
449 2547 646 2604 adolescentid
667 2547 753 2605 debet
774 2566 847 2618 esse,

56 2653 178 2698 mortem
199 2653 231 2698 ut
253 2642 451 2718 negligamus:
482 2643 544 2700 sine
569 2644 626 2719 qud
648 2643 847 2714 meditatione,

56 2738 212 2814 tranquillo
225 2758 289 2796 esse
305 2738 401 2795 animo
415 2757 502 2796 nemo
515 2750 618 2815 potest.
661 2738 848 2797 Moriendum

56 2835 134 2892 enim
150 2847 229 2892 certe
244 2845 303 2904 est3
326 2844 355 2890 et
373 2834 403 2890 id
425 2835 579 2907 incertum,
596 2856 632 2892 an
654 2855 689 2893 eo
704 2836 767 2911 ipso
790 2836 846 2895 die.
864 2853 896 2902 25

57 2930 183 2989 Mortem
206 2932 295 3009 igitur
317 2930 453 2988 omnibus
475 2932 553 2989 horis
574 2933 790 3009 impendentem
813 2933 848 2991 ti·

57 3010 148 3101 meni,
173 3028 223 3106 qul
242 3027 352 3107 poterit
379 3028 480 3089 animo
508 3030 700 3089 consisteret
733 3027 796 3080 BQ
813 3023 882 3090 ΨΧ
