1904 3750
435 666 479 715 nu
497 666 642 716 ormena.
855 666 895 731 [u.
905 668 924 716 r.

83 836 84 840 ¹
141 814 185 874 sic
205 815 290 872 etad
311 815 368 875 hoc
389 834 481 894 genna
502 817 674 895 castigandi,
695 828 761 875 'raro
785 816 926 892 invitique

141 911 298 984 veniemus,
313 929 369 970 neo
383 932 519 988 unquam,
533 915 590 972 nisi
610 915 785 985 necessario,
800 915 824 971 si
846 914 928 971 nulla

140 1009 298 1084 reperietur
313 1009 369 1067 alia
382 1011 534 1068 medicina
576 1012 635 1068 Sed
655 1022 752 1068 tamen
768 1011 811 1068 ira
823 1009 925 1086 procul

142 1104 224 1172 absit,
238 1123 306 1162 cum
319 1107 376 1180 quai
389 1106 461 1163 nihil
475 1116 555 1164 recte
565 1106 638 1179 lieri,
648 1106 721 1164 nihil
733 1107 925 1178 considerate,

107 1210 242 1277 epotest.

180 1296 291 1374 Magni
302 1311 397 1356 autern
407 1309 497 1375 parte,
509 1299 644 1357 clementi
655 1299 846 1375 castigatione
857 1298 926 1355 licet

140 1393 194 1465 uti,
208 1395 346 1471 gravitate
362 1406 458 1453 tamen
482 1396 627 1472 adjuncti,
641 1406 673 1453 ut
686 1405 716 1453 et
729 1396 866 1452 severitas
879 1394 926 1451 ad·

141 1489 284 1563 hibentur,
296 1501 325 1549 et
339 1492 515 1550 contumelia
523 1492 685 1567 repellatur.
726 1492 823 1566 Atque
839 1491 925 1548 etiam

140 1585 213 1644 illud
234 1587 337 1663 ipsum,
358 1587 436 1663 quod
457 1587 621 1645 acerbitatis
647 1587 734 1645 habet
753 1588 925 1664 objurgatio,

95 1688 127 1739 to
142 1683 363 1761 significandum
384 1693 437 1752 est,
458 1683 548 1758 ipsius
568 1684 666 1756 causi,
680 1684 730 1758 qui
750 1684 924 1760 objurgetur,

142 1791 309 1855 susceptum
334 1798 406 1836 esse.
448 1778 575 1837 Rectum
595 1790 639 1836 est
664 1790 770 1851 autem,
790 1781 876 1837 etiam
896 1780 924 1837 in

142 1875 200 1933 illis
220 1875 452 1933 contentionibus
467 1895 530 1950 quoe
544 1893 610 1932 curn
625 1875 832 1933 inimicissimis
844 1877 923 1948 fiunt,

142 1971 229 2030 etiam
243 1971 267 2027 si
281 1971 365 2028 nobis
385 1971 505 2047 indigna
524 1972 683 2043 audiamus,
698 1982 793 2029 tamen
808 1973 923 2049 gravita-

141 2076 200 2124 tem
220 2066 353 2134 retinere,
369 2067 548 2124 iracundiam
568 2069 714 2142 repellere.
754 2067 832 2130 Quae
849 2068 922 2126 enim

97 2170 128 2220 15
143 2182 209 2221 cum
231 2163 326 2237 aliquit
345 2164 562 2238 perturbatione
581 2164 662 2235 fiunt,
684 2183 739 2221 nec
763 2175 922 2222 constanter

142 2259 205 2318 fieri
227 2269 357 2334 possunt,
381 2279 437 2317 nen
461 2261 497 2316 ab
520 2260 566 2331 iis,
590 2260 639 2335 qui
668 2261 779 2328 adsunt,
803 2261 917 2336 probari

141 2355 280 2414 Deforme
301 2356 388 2413 ctiam
409 2365 464 2427 est,
477 2356 513 2413 de
532 2375 564 2413 sc
585 2357 648 2431 ipso
668 2356 836 2433 praedicere,
858 2357 921 2414 falsa

141 2453 309 2528 praesertim,
323 2463 361 2524 et,
376 2471 444 2509 cum
464 2453 597 2511 irrisione
618 2455 806 2525 audientium,
821 2454 920 2510 imitari

143 2547 268 2606 Militem
283 2549 458 2607 Gloriosum.

95 2766 129 2818 2⁰
182 2740 330 2801 XXXIX.
359 2743 407 2814 Et,
435 2744 571 2819 quoniam
598 2743 696 2800 omnia
720 2743 918 2818 persequimur

142 2838 274 2895 volumus
288 2839 403 2913 quidem
418 2850 506 2912 certe,
521 2840 675 2897 dicendum
692 2849 735 2895 est
749 2840 847 2910 etiam,
861 2859 918 2915 qua

143 2935 200 2993 lem
214 2935 339 2992 hominis
353 2936 485 2993 honorati
495 2946 525 2992 et
536 2936 676 3010 principis
686 2935 803 2992 domum
816 2937 918 3010 placea

143 3050 224 3088 esse:
246 3031 328 3106 cujus
349 3031 414 3088 linis
434 3041 477 3088 est
498 3051 582 3100 nsus;
605 3032 746 3106 adquam
768 3051 918 3090 accommo

144 3127 240 3184 danda
259 3140 303 3184 ast
322 3127 482 3184 aedificandi
505 3127 676 3202 descriptio;
708 3137 737 3183 et
761 3138 857 3186 tamen
883 3129 918 3186 ad

96 3220 132 3285 κ’
144 3223 270 3280 hibenda
296 3223 444 3300 dignitatis
473 3225 741 3298 commoditatisque
769 3224 917 3301 diligentia

138 3317 193 3374 On.
219 3318 356 3391 Octauio,
371 3319 421 3395 qui
441 3319 550 3396 primus
569 3339 605 3377 ex
625 3321 674 3378 illi
697 3320 805 3377 familia
827 3341 918 3379 consu

116 3404 222 3466 flotin
242 3423 298 3484 est,
322 3415 434 3476 honori
455 3416 547 3477 tuisse
571 3416 752 3494 accenrmus,
769 3417 850 3488 mich
862 3435 925 3490 qm
