1904 3750
48 224 156 288 sum]
353 226 396 274 uu
418 226 568 283 osmcus,
841 219 898 287 lut

49 389 146 437 areeo.
189 373 253 441 Sed
269 373 352 447 nihil,
366 376 444 451 quod
465 375 592 448 crudele,
606 376 677 434 utile
686 394 702 434 a·
716 385 760 434 est
773 375 852 434 euim

53 473 213 531 {bominum
227 481 346 544 naturae,
360 492 445 548 quam
466 473 547 549 sequi
567 473 714 546 debemus,
728 474 851 532 maxime

54 568 183 628 ‚inimica
197 567 360 624 crudelitas.
627 575 630 578 ’

103 664 183 722 Male
203 664 301 735 etiam,
323 664 370 738 qui
391 664 561 740 peregrinos
587 665 706 723 urbibus
726 666 769 723 uti
788 685 853 743 pro·

63 761 173 833 hibent,
201 777 306 835 eosque
339 761 540 831 exterminant,
569 770 601 818 ut
626 762 743 819 Pennus
777 764 883 838 apud5

62 869 157 934 patres
184 868 309 928 nostros,
332 858 440 933 Papius
467 875 566 931 nuper.
607 857 685 915 Nam
710 878 775 916 esse
801 878 853 935 pro

62 955 136 1025 cive,
157 954 206 1032 qui
227 954 299 1010 civis
318 973 377 1010 non
398 954 445 1025 sit,
467 963 579 1009 rectum
601 963 723 1012 estnon
747 956 851 1028 licere;

63 1070 148 1128 quam
182 1051 311 1107 tulerunt
344 1050 437 1126 legem
471 1049 674 1124 sapientissimi
709 1052 851 1123 consules,

63 1147 185 1206 Crassus
206 1157 236 1203 et
256 1148 401 1204 Scaevola:
430 1166 484 1204 usu
506 1165 573 1203 vero
594 1147 673 1226 urbis
698 1147 852 1221 probibere

61 1245 238 1321 peregrinos,
252 1262 321 1300 sane
343 1245 531 1300 inhumanum
546 1252 596 1300 est.
638 1243 693 1301 Illa
704 1245 851 1319 praeclara,
868 1259 898 1307 lo

63 1341 92 1398 in
113 1341 218 1416 quibus
239 1340 362 1414 publicae
382 1339 514 1396 utilitatis
535 1340 646 1416 species
667 1360 725 1416 prae
752 1341 853 1402 hones·

55 1447 119 1495 ‘tate
134 1437 338 1496 contemnitur.
380 1436 471 1493 Plena
487 1439 681 1513 exemplorum
697 1447 740 1494 est
754 1447 853 1495 nostra
929 1496 932 1503 ,

61 1534 235 1609 respublica,
250 1552 317 1589 cum
331 1552 416 1608 saepe,
432 1542 493 1590 tum
512 1535 635 1591 maxime
650 1535 725 1592 bello
739 1534 851 1594 Punico

60 1630 208 1688 secundo:
244 1648 317 1703 que,
346 1629 494 1687 Cannensi
528 1632 691 1688 calamitate
721 1633 850 1707 accepti,

61 1727 184 1802 majores
219 1726 330 1782 animos
364 1726 474 1797 habuit,
502 1747 586 1801 quam
614 1748 738 1803 unquam
766 1730 851 1786 rebus
866 1739 898 1788 15

61 1823 215 1879 secundis:
237 1822 316 1879 nulla
329 1822 439 1887 timoris
454 1823 636 1899 significatio,
651 1826 730 1882 nulla
744 1827 851 1883 mentio
901 1848 906 1856 ·

60 1920 149 1995 pacis.
192 1918 292 1976 Tanta
311 1919 353 1975 vis
373 1930 417 1976 est
437 1919 561 1992 honesti,
577 1930 608 1977 ut
628 1922 755 1997 speciem
775 1923 851 1979 utili-

60 2017 127 2074 tatis
141 2017 286 2072 obscuret.

99 2112 308 2183 Athenienses,
332 2131 399 2169 cum
426 2112 578 2169 Persarum
606 2112 745 2186 impetum
771 2113 851 2172 nullo

59 2209 147 2266 modo
167 2217 286 2284 possent
307 2209 457 2291 sustinere,
479 2217 702 2282 statueremque,
723 2218 764 2279 ut,
779 2209 850 2266 urbe
864 2217 897 2264 2⁰

60 2305 171 2376 relicta,
192 2304 365 2380 conjugibus
391 2314 419 2361 et
444 2305 543 2361 liberis
570 2303 717 2361 Troezene
740 2304 851 2380 deposi-

59 2401 106 2471 tis,
120 2419 209 2459 uaves
230 2401 469 2471 conscenderent,
490 2401 709 2474 libertatemque
729 2401 850 2458 Graeciae

61 2496 152 2554 classe
173 2479 371 2565 defenderent,
387 2496 532 2572 Cyrsilum
553 2497 706 2571 quendam,
729 2494 850 2554 suaden-

60 2602 116 2650 tem
131 2603 164 2650 ut
179 2592 209 2648 in
225 2591 295 2648 urbe
309 2603 467 2663 manerent,
479 2592 663 2668 Xerxemque
677 2592 848 2668 reciperent,

59 2687 204 2765 lapidibus
220 2688 386 2745 obruerunt.
428 2690 525 2765 Atque
540 2689 587 2747 ille
601 2689 753 2747 utilitatem
767 2686 848 2763 sequi
863 2701 895 2750 25

59 2784 227 2843 ridebatur:
254 2783 306 2840 sed
332 2802 368 2841 ea
393 2785 473 2843 nulla
499 2796 570 2858 erat,
595 2772 772 2862 repugnante
799 2785 849 2844 ho·

58 2891 179 2941 aestate

96 2975 322 3052 Themistocles,
344 2988 411 3058 post
430 2979 590 3047 victoriam
608 2980 678 3064 eius
691 2979 776 3042 belli
793 2974 885 3053 quob
