1904 3750
69 578 111 640 8⁰
408 585 454 636 nn
471 585 618 635 ormena
840 586 909 649 [nr.

115 755 179 796 rum
193 737 357 813 pulchrum,
371 735 528 795 Periclel”
570 737 639 794 “At
652 733 730 795 enim
745 745 909 811 pretorem,

115 834 272 910 Sophocle,
294 835 389 906 deoet,
409 853 469 892 non
494 834 588 892 solum
609 852 722 906 manus,
743 833 794 891 sed
820 833 909 890 etiam

115 931 226 1002 oeulos,
252 931 430 989 abstinentes
453 931 589 988 habere.’'
631 931 730 1006 Atque
751 930 810 988 hoo
830 931 909 989 idem

115 1026 277 1102 Sophocles
296 1027 322 1085 si
343 1028 373 1086 in
395 1027 567 1086 athletarum
586 1027 759 1103 probatione
780 1026 909 1097 dixisset,

85 1129 102 1178 5
112 1122 190 1199 justi
216 1123 441 1201 reprehensione
468 1123 626 1183 caruisset:
653 1133 734 1181 tanta
753 1123 796 1181 vis
816 1134 860 1181 est
880 1132 910 1181 et

115 1220 184 1293 looi,
206 1230 234 1279 et
255 1221 400 1297 temporis.
441 1220 481 1278 Ut
500 1220 526 1278 si
545 1220 619 1297 quis,
641 1239 708 1278 oum
733 1238 852 1278 oausam
872 1219 910 1277 sit

116 1326 243 1390 aeturus,
264 1317 295 1375 in
319 1317 434 1390 itinere,
457 1327 506 1376 aut
529 1316 560 1374 in
581 1316 786 1389 ambulatione,
808 1335 907 1375 secum

115 1413 177 1489 ipse
212 1414 377 1487 meditetur,
414 1424 462 1472 aut
495 1414 520 1472 si
554 1413 624 1490 quid
659 1413 736 1471 aliud
772 1413 908 1471 attentius

116 1510 236 1587 cogitet,
256 1529 316 1568 non
336 1511 578 1588 reprehendatur:
606 1519 635 1567 at
656 1509 713 1568 hoo
733 1510 811 1567 idem
831 1509 856 1566 si
877 1510 907 1566 in

71 1607 252 1665 insomnio
274 1607 372 1680 faciat,
394 1607 569 1665 inhumanus
590 1607 730 1679 videatur,
751 1606 908 1664 inscienti&

116 1705 260 1782 temporis.

157 1801 216 1859 Sed
240 1820 285 1873 ea,
306 1820 370 1877 qum
393 1801 514 1859 multum
540 1802 576 1859 ab
599 1801 778 1859 humanitate
801 1801 909 1859 disere·

115 1908 194 1974 pant,
216 1908 257 1969 ut,
278 1898 302 1954 si
326 1898 389 1973 quis
410 1899 439 1955 in
461 1898 524 1956 foro
545 1909 652 1972 cantet,
675 1909 723 1957 aut
743 1899 767 1956 si
787 1918 845 1975 qua
864 1909 909 1956 est

117 1993 174 2050 alia
200 2012 305 2070 magna
337 1995 519 2069 perversitas,
547 1996 633 2054 facile
665 2006 817 2071 apparent3
852 2015 908 2053 neo

71 2095 103 2144 15
116 2109 291 2166 magnopere
319 2091 544 2150 admonitionem
571 2102 600 2150 et
626 2104 771 2169 praecepta
797 2093 909 2150 deside·

116 2196 189 2244 rant.
229 2187 307 2249 Qum
329 2198 424 2246 autem
445 2208 533 2264 parva
554 2190 685 2247 videntur
706 2208 770 2246 esse
790 2190 907 2261 delicta,

115 2301 210 2358 neque
225 2303 242 2340 a
255 2284 353 2342 multis
374 2285 496 2363 intelligi
516 2296 647 2361 possunt,
670 2286 705 2343 ab
725 2285 761 2344 iis
781 2297 825 2343 ast
845 2286 907 2343 dili·

116 2380 231 2457 gentius
258 2381 473 2439 declinandum.
527 2382 567 2440 Ut
594 2382 624 2440 in
657 2383 772 2454 fidibus,
801 2393 849 2440 aut
877 2383 905 2441 iu

116 2476 205 2550 tibiis,
228 2479 357 2553 quamvis
380 2480 497 2555 paulurn
525 2480 697 2556 discrepent,
720 2491 817 2537 tamen
839 2480 868 2537 id
891 2499 903 2537 s

70 2576 103 2627 20
117 2574 228 2632 sciente
249 2575 437 2634 animadverti
458 2577 548 2647 solet3
573 2577 616 2634 sio
637 2576 792 2633 videndum
813 2577 902 2634 estin

116 2671 185 2744 vitri,
206 2691 243 2729 ne
264 2672 338 2730 forte
359 2673 428 2749 quid
449 2674 608 2750 discrepet3
636 2674 680 2730 vel
701 2675 792 2732 multo
819 2674 900 2732 etiarn

115 2769 218 2846 magis,
246 2788 303 2844 quo
335 2771 424 2847 major
449 2781 479 2828 et
505 2771 607 2828 melior
642 2770 787 2830 actionum
821 2790 898 2847 quau

116 2883 252 2923 sonorum
268 2876 429 2924 concentus
443 2877 495 2923 est.

155 3057 235 3116 XLI.
256 3058 368 3134 Itaque,
393 3070 425 3117 ut
449 3059 478 3116 in
499 3059 604 3118 fidibus
623 3060 801 3119 musicorum
823 3080 891 3119 aure

69 3153 159 3218 nevel
181 3155 301 3213 minima
320 3156 464 3226 sentiunt3
485 3156 529 3214 sie
548 3176 612 3230 nos,
634 3157 658 3215 si
681 3177 763 3215 aeres
788 3158 892 3216 aedili

116 3259 217 3325 gentes
239 3269 302 3308 esse
328 3252 460 3309 volumus
487 3253 732 3312 animadversores
760 3255 891 3313 vitiorum

115 3362 221 3424 magna
240 3366 315 3426 sepe
335 3348 529 3429 intelligemus
549 3369 586 3411 ex
603 3349 707 3429 parvis.
749 3351 796 3413 Ex
808 3352 889 3414 ooulu
