1904 3750
71 266 114 325 90
283 274 420 333 amaros,
435 273 511 320 srva
530 273 574 320 nn
593 272 751 323 amorum

116 425 319 500 repudianda:
347 434 473 482 vetustas
496 434 593 482 tamen
620 442 673 481 suo
700 424 768 480 loco
795 442 911 482 conser-

115 523 212 580 vanda
231 535 281 580 est.
323 520 452 578 Maxima
471 531 514 578 est
538 521 617 579 enim
638 521 681 578 vis
702 521 860 593 vetustatis,
878 529 911 579 et

117 618 353 679 consuetudinis:
383 627 424 690 ut,
459 619 489 675 in
514 618 575 693 ipso
604 636 690 692 equo,
716 617 800 694 cujus
822 617 910 676 modo

116 715 293 772 mentionem
307 713 374 785 leci,
390 715 414 771 ri
428 715 508 772 nulla
525 733 572 771 res
592 714 739 790 impediat,
754 732 841 771 nemo
855 724 909 787 est,

87 811 165 885 oqui
180 830 239 866 non
253 829 298 882 eo,
314 830 370 885 quo
382 811 542 882 consuevit,
554 811 690 867 libentius
704 820 811 883 utatur,
822 830 909 885 quam

116 907 271 964 intractato
292 918 322 964 et
343 922 435 964 novo:
456 926 512 964 neo
526 908 612 965 modo
633 907 663 963 in
686 907 752 979 hoc,
768 909 844 982 quod
865 917 910 965 est

118 1003 232 1075 animal,
244 1004 295 1061 sed
309 1005 339 1061 in
354 1005 389 1061 iis
403 1005 489 1062 etiam
503 1023 566 1080 quae
580 1016 647 1061 sunt
661 1004 829 1076 inanimata,
840 1023 910 1061 oon·

116 1101 238 1157 suetudo
259 1102 349 1171 valet3
372 1120 438 1157 cum
460 1101 533 1159 locis
554 1102 641 1159 etiam
660 1101 732 1176 ipsis'
748 1101 908 1158 montuosis

117 1195 294 1254 delectemur
305 1207 334 1254 et
343 1199 530 1270 silvestribus,
542 1199 573 1254 in
588 1199 691 1272 quibus
706 1198 815 1254 diutius
830 1216 908 1255 com·

74 1304 104 1352 10
117 1294 220 1351 morati
234 1313 340 1352 sumus.

156 1391 216 1446 Sed
230 1391 384 1456 maximum
399 1391 487 1447 estin
512 1391 650 1462 amicitis,
664 1391 840 1466 superiorem
858 1411 907 1467 pa·

116 1469 176 1542 reni
188 1504 251 1542 esso
262 1486 404 1543 inferiori:
420 1505 495 1562 saepe
504 1487 581 1543 enim
591 1488 768 1544 excellentiae
777 1487 907 1563 quaedam

116 1593 198 1650 sunt;
221 1582 312 1655 qualis
326 1592 387 1638 erat
406 1583 553 1656 Scipionis
576 1583 605 1640 in
630 1594 728 1641 nostro
744 1583 852 1660 (ut‘ita
866 1584 908 1641 di·

116 1680 194 1754 cam)
210 1696 305 1753 grege.
349 1677 504 1752 Nunquam
523 1697 554 1734 se
576 1680 623 1735 ille
648 1680 741 1750 Philo,
761 1699 907 1755 nunquam

72 1786 102 1833 15
116 1772 247 1848 Rupilio,
259 1793 404 1847 nunquam
417 1773 560 1831 Mummio
577 1777 747 1851 anteposuit,
760 1796 907 1851 nunquam

116 1868 259 1925 inferioris
281 1870 390 1926 ordinis
419 1871 527 1927 amicis.
568 1873 608 1932 Q.
634 1891 701 1928 vero
735 1871 908 1946 Maximum,

115 1965 240 2037 fratrem,
252 1967 399 2042 egregium
414 1968 514 2038 virum,
527 1969 645 2024 omnino
657 1969 710 2025 sibi
724 1969 907 2043 nequiquam

114 2081 223 2137 parem,
246 2065 321 2138 qnod
345 2064 368 2120 is
390 2065 516 2120 anteibat
531 2076 624 2135 aetate,
640 2076 775 2139 tanquam
799 2068 908 2141 superi·

115 2177 205 2230 orem,
221 2160 352 2229 colebat;
375 2180 498 2234 suosque
520 2180 620 2218 omnes
642 2180 744 2236 perse
766 2180 829 2218 esse
849 2182 907 2219 am·

71 2267 102 2316 20
114 2255 219 2330 pliores
233 2256 353 2312 volebat.
394 2257 485 2317 Quod
500 2258 664 2314 faciendum
679 2258 906 2334 imitandumque

116 2362 159 2408 est
181 2353 329 2421 omnibus;
353 2363 392 2422 ut,
416 2353 440 2409 si
462 2373 547 2427 quam
568 2355 762 2428 praestantiam
782 2355 905 2427 virtutis,

116 2446 235 2522 ingenii,
254 2449 372 2505 sortnnae
395 2450 544 2505 consecuti
565 2461 641 2520 sunt,
657 2451 821 2525 impertiant
840 2470 905 2508 eam

116 2544 184 2614 suis,
201 2545 473 2618 communicentque
489 2564 555 2601 oum
575 2547 732 2620 proximis:
755 2558 795 2618 ut,
811 2548 833 2604 si
857 2567 906 2622 pa-

115 2640 245 2696 rentibus
269 2640 328 2696 nati
353 2641 410 2696 sint
432 2642 599 2712 humilibus,
615 2643 638 2698 si
660 2645 836 2718 propinquos
858 2644 907 2702 ha·

70 2750 102 2798 25
117 2736 202 2792 beant
217 2736 420 2793 imbecilliores
435 2737 477 2792 vel
494 2738 590 2794 animo
605 2739 647 2795 vel
665 2740 788 2811 fortuni,
804 2758 904 2796 eorum

117 2843 240 2905 augeant
250 2851 329 2907 opes,
341 2834 439 2907 eisque
454 2834 556 2891 honori
571 2835 637 2906 sint,
650 2848 678 2892 et
692 2836 840 2913 dignitati:
863 2848 904 2909 ut,

106 2925 139 2984 in
154 2926 273 3005 fabulis,
295 2929 343 3008 qui
366 2930 551 3007 aliquamdiu,
563 2944 679 3006 propter
695 2933 905 3010 ignorationem

93 3026 204 3106 stirpis
214 3041 244 3091 et
256 3032 393 3114 generis,
404 3030 437 3091 in
447 3029 592 3088 lamulatu
599 3028 720 3098 luerint,
727 3045 794 3083 eum
801 3029 915 3102 cogam
