1904 3750
53 229 139 291 un}
179 241 181 244 ·
208 291 213 305 ·
367 227 409 275 nn
430 228 575 275 osricus.
841 208 895 267 1³1

52 376 244 435 moderatum
279 374 431 454 praebuit);
465 375 516 432 sed
550 394 626 447 cum,
661 374 691 432 in
727 375 849 451 agendo,

55 473 149 530 multa
165 470 356 548 populariter,
370 482 431 528 tum
451 472 521 556 illud
542 471 627 543 male,
642 477 660 504 “
670 490 729 528 non
743 490 805 529 esse
819 472 849 529 in

55 569 175 626 civitate
191 568 252 625 duo
266 567 356 624 millia
370 568 528 639 hominum,
543 569 665 644 quirem
681 569 847 626 haberent.”

53 664 200 740 Capitalis
234 663 336 731 oratio,
364 674 394 721 et
421 664 456 721 ad
484 656 674 739 aequationem
708 664 848 722 bonorum

54 761 223 835 pertinens3
254 759 312 835 qul
337 770 417 836 peste
444 780 506 836 quae
532 770 626 836 potest
653 778 715 816 esse
738 763 878 838 majorl5

56 855 145 913 Hanc
166 857 245 913 enim
260 856 298 912 ob
313 875 429 914 causam
448 857 581 934 manime,
596 865 628 912 ut
642 875 693 912 sua
706 866 846 930 tenerent,

54 951 228 1028 respublicae
250 952 437 1027 civitatesque
460 953 622 1010 constitutae
644 962 718 1007 sunt
759 953 845 1025 Nam,

53 1049 122 1121 etsi,
157 1051 234 1107 duce
271 1050 383 1119 natum,
419 1049 668 1126 congregabantur
705 1047 845 1120 homines,

55 1154 165 1216 tamen,
193 1165 243 1222 spe
278 1145 416 1202 custodiae
434 1133 545 1202 ¹rerum
579 1161 705 1212 suarum,
733 1143 845 1199 urbium

57 1241 378 1318 praesidiaquaerebant.
724 1305 725 1308 Ἴ
860 1243 891 1291 10

96 1338 202 1395 Danda
216 1339 304 1395 etiam
319 1348 468 1412 operaest,
481 1357 517 1394 ne
530 1335 619 1412 (quod
637 1336 710 1410 apud
725 1334 846 1411 majores

58 1444 170 1491 nostros
191 1454 267 1510 saepe
289 1434 384 1504 fiebat,
405 1445 519 1510 propter
546 1432 638 1490 aerarii
666 1432 844 1504 tenuitatem,

59 1530 311 1604 assiduitatemque
329 1529 480 1608 bellorum)
495 1530 633 1586 tributum
647 1528 684 1585 sit
698 1513 845 1585 censeren-

58 1625 141 1696 dum,
163 1626 251 1700 idque
273 1644 311 1682 ue
332 1627 454 1697 eveniat,
476 1626 567 1682 multo
590 1635 654 1682 ante
676 1626 729 1683 erit
752 1626 845 1702 provi·

58 1721 191 1780 (lendum.
248 1721 301 1778 Sin
329 1741 384 1796 qua
411 1722 567 1778 necessitas
599 1722 683 1798 hujus
716 1723 843 1780 muneris
858 1727 889 1775 15

59 1818 141 1876 alicui
171 1817 338 1894 reipublicae
362 1818 525 1886 obvenerit3
554 1816 643 1893 (malo
664 1818 740 1875 enim
762 1819 842 1877 alteri

56 1933 138 1988 quam
159 1925 267 1971 nostrae
289 1913 425 1983 ominari3
448 1932 541 1988 neque
562 1924 657 1970 tamen
678 1914 714 1969 de
734 1915 841 1985 nostrl,

56 2011 103 2067 sed
118 2011 154 2067 de
170 2010 251 2068 omni
266 2009 412 2083 republicrl
427 2010 554 2087 disputo)
568 2010 662 2066 danda
678 2009 732 2065 erit
745 2030 841 2084 opera,

58 2115 87 2162 ut
109 2126 211 2164 omnes
242 2104 412 2181 intelligant,
436 2105 474 2182 (si
496 2105 565 2161 salvi
587 2123 650 2160 esse
671 2104 771 2183 velint)
793 2124 843 2160 ne-

57 2203 182 2260 cessitati
196 2221 261 2259 esse
275 2203 441 2276 parendum.
856 2201 888 2250 2⁰

93 2300 191 2375 Atque
212 2298 302 2355 etiam
321 2318 429 2370 omnes,
445 2298 492 2374 qui
513 2295 719 2371 rempublicam
740 2296 843 2372 guber·

56 2395 173 2466 nabunt,
202 2394 356 2452 consulere
383 2395 538 2464 debebunt,
564 2404 595 2451 ut
622 2411 719 2450 earum
747 2410 842 2448 rerum

57 2491 136 2566 copia
155 2491 204 2561 sit,
219 2508 284 2565 quae
305 2500 371 2546 sunt
384 2489 562 2547 necessariae.
603 2489 736 2550 Quarum
750 2488 842 2562 qualis

57 2586 234 2662 comparatio
248 2583 310 2640 lieri
324 2585 412 2642 soleat
427 2595 455 2641 et
469 2584 581 2656 debeat,
594 2604 651 2641 non
666 2594 709 2640 est
722 2601 842 2640 necesse

56 2681 217 2758 disputare:
243 2692 285 2737 est
306 2681 383 2737 euim
405 2681 434 2738 in
454 2691 603 2756 promptu:
631 2690 742 2737 tantum
761 2679 843 2737 locus
855 2689 888 2739 25

57 2780 242 2857 attingendus
256 2776 316 2835 fuit.
353 2782 359 2793 ⁴

92 2876 189 2952 Caput
204 2883 302 2932 autem
315 2885 358 2931 est
373 2874 402 2931 iu
417 2873 495 2931 omni
510 2874 712 2950 procuratione
732 2872 843 2951 negotii

56 2983 84 3031 et
103 2971 237 3034 muneris
257 2971 377 3049 publici,
402 2980 434 3033 ut
458 2972 587 3039 avaritie
612 2972 741 3058 pelletur
768 2972 867 3034 etum
