1904 3750
415 641 460 687 DE
476 638 620 686 osricus.
833 631 860 693 [l

117 809 169 850 seu
182 807 269 866 quem
290 789 387 861 alium,
402 788 489 866 (nihil
504 789 581 846 enim
594 797 697 863 prater
711 787 839 845 auditum
854 785 861 843 l

117 887 186 966 beo)
203 885 478 944 arbitrum-Nolanis
492 895 521 943 et
534 884 735 960 Neapolitanis
749 885 785 941 de
798 883 861 941 linil

117 1003 135 1041 a
157 984 389 1055 senatudatum,
411 1001 479 1040 cum
504 982 538 1039 ad
563 982 658 1040 locum
678 982 813 1052 venisset,
836 999 861 1038 cr

116 1081 245 1155 utrisque
266 1080 420 1155 separatim
442 1079 582 1148 locutum,
597 1087 629 1135 ut
648 1097 686 1135 ne
708 1078 813 1153 cupide
835 1097 861 1152 qr

85 1185 245 1254 dagerem,
269 1195 307 1234 ne
329 1185 505 1252 appetenter,
522 1185 606 1250 atque
629 1183 661 1232 ut
681 1175 795 1250 regredi
819 1193 862 1248 qn:

115 1273 250 1352 progredi
268 1274 394 1331 mallent.
436 1272 471 1330 Id
486 1290 554 1329 cum
567 1271 680 1345 utrique
693 1270 840 1342 fecissent,
856 1290 862 1328 t

116 1381 255 1448 quantum
280 1371 341 1448 agri
368 1371 399 1428 in
426 1370 523 1427 medio
549 1369 682 1426 relictum
710 1379 761 1426 est.
803 1368 863 1444 Itaq

116 1467 230 1527 illorum
247 1468 329 1539 lines,
344 1466 419 1524 sicut
440 1467 494 1542 ipsi
515 1467 656 1537 dixerant,
671 1465 851 1522 terminavit:

116 1565 214 1623 medio
227 1565 361 1624 relictum
375 1564 452 1638 quod
465 1572 536 1635 erat,
549 1563 656 1639 populo
676 1563 812 1620 Romano
827 1562 864 1636 ad¹

72 1669 103 1719 10
118 1663 233 1720 dicavit.
275 1662 418 1737 Decipere
431 1660 489 1718 hoc
502 1660 618 1734 quidem
632 1670 685 1732 est,
694 1678 753 1717 nou
764 1659 863 1736 judica

116 1758 278 1830 Quocirca,
293 1758 323 1815 in
338 1757 417 1815 omni
430 1776 472 1829 re,
487 1757 625 1835 fugienda
637 1766 681 1814 est
693 1756 758 1814 talis
769 1755 865 1814 sollert

157 1950 212 2008 ΧΙ.
235 1951 310 2007 Sunt
332 1961 428 2008 autem
448 1950 579 2026 quaedam
599 1950 696 2008 officia
708 1950 794 2007 etiam
811 1951 866 2008 adu

118 2067 167 2106 sus
189 2065 240 2104 eos
261 2048 444 2119 servandas
466 2049 569 2123 quibus
592 2048 725 2125 iujuriam
749 2065 867 2122 acceper

120 2143 174 2201 Est
187 2146 264 2202 enim
278 2144 439 2201 ulciscendi
454 2154 483 2200 et
495 2145 636 2219 puniendi
656 2144 767 2200 modus.
810 2143 868 2218 Atq

73 2247 104 2297 15
120 2240 198 2297 haud
211 2241 283 2311 scio,
300 2260 335 2297 an
351 2241 420 2297 satis
434 2241 481 2312 sit,
496 2259 574 2311 eum,
589 2240 637 2314 qui
651 2239 820 2309 lacessierit,
835 2238 868 2314 ing

119 2337 170 2395 riae
190 2356 249 2394 suas
272 2338 428 2413 poenitere3
450 2346 482 2394 ut
504 2347 532 2394 et
555 2337 615 2412 ipse
630 2355 666 2393 ne
680 2336 749 2411 quid
763 2336 821 2393 tale
834 2354 869 2412 po

120 2432 186 2505 hac,
201 2443 230 2489 et
244 2433 341 2489 caeteri
356 2432 413 2489 sint
429 2433 463 2490 ad
478 2433 612 2508 injuriam
627 2433 776 2490 tardiores·

161 2530 259 2604 Atque
276 2530 305 2587 in
323 2531 473 2606 republica
495 2530 619 2588 maxime
633 2529 830 2587 conservanda
843 2547 870 2585 sn

119 2626 185 2704 jura
204 2627 281 2684 belli.
323 2626 411 2698 Nam,
432 2646 498 2684 cum
521 2628 579 2683 sint
601 2627 660 2683 duo
682 2645 790 2702 genera
811 2625 871 2682 deo

74 2736 106 2786 20
121 2725 219 2795 tandi;
252 2742 341 2781 unum
368 2743 419 2799 per
441 2724 690 2800 disceptationem,
714 2722 834 2779 alterum
859 2741 872 2797 p

122 2821 195 2892 vim;
225 2839 347 2896 cumque
369 2820 440 2877 illud
463 2820 607 2895 proprium
635 2819 672 2875 sit
695 2818 829 2890 hominis,
855 2819 874 2875 h

122 2918 298 2987 belluarum3
331 2916 558 2993 confugiendum
585 2925 629 2972 est
653 2915 688 2972 ad
711 2915 864 2989 posterius,

123 3015 165 3071 uti
179 3034 237 3071 non
252 3014 321 3071 licet
336 3013 493 3089 superiore.
534 3011 638 3074 Quare
653 3011 836 3087 suscipienda
850 3031 874 3087 qr

124 3109 189 3166 dem
205 3110 280 3167 bella
293 3120 359 3167 sunt
381 3111 419 3167 ob
440 3128 503 3167 eam
529 3128 655 3180 causam,
670 3118 702 3165 nt
724 3108 787 3165 sine
808 3109 875 3183 injur

77 3220 109 3270 25
124 3203 154 3261 in
175 3224 247 3280 pace
269 3206 394 3262 vivatur:
423 3205 505 3281 parta
528 3215 622 3262 autem
645 3204 774 3274 victorii,
798 3223 876 3260 const

125 3301 210 3357 randi
226 3302 255 3373 ii,
269 3302 318 3378 qui
333 3321 391 3361 non
406 3301 538 3360 crudeles
553 3302 583 3358 in
598 3301 683 3372 bello,
698 3320 757 3358 non
772 3301 877 3358 immun

104 3394 248 3468 [aeruna
275 3409 307 3458 ut
320 3401 451 3481 majores
469 3398 564 3461 nostri
579 3397 781 3472 Tusculanos,
794 3397 881 3474 Idam
