1904 3750
55 237 149 297 nna]
342 237 384 284 or:
406 239 551 285 ormcns.
833 227 889 288 185

54 386 156 462 magis,
175 405 232 460 quo
254 386 302 443 illa
322 387 454 443 ordinum
477 386 644 463 conjunctio
666 386 842 444 adsalutem

55 483 222 558 reipublicae
242 483 410 557 pertinebat.
453 483 531 540 Male
553 484 638 541 etiarn
660 484 760 554 Curio,
777 503 843 541 oum

56 599 172 636 oausam
194 579 467 654 Transpadanorum
490 600 598 654 aequam
623 600 686 638 esse
710 582 841 638 dicebat:

56 695 167 751 semper
190 686 284 732 autem
306 677 437 746 addebat,
456 677 591 733 “Vincat
611 678 746 734 utilitas.’'
788 678 842 734 Po·

56 773 111 829 tius
136 773 256 841 diceret,
281 791 338 828 non
363 792 426 830 esse
451 792 569 847 equam,
595 774 662 846 quia
685 793 743 830 non
768 782 872 831 esset5

56 869 132 926 utilis
148 869 323 944 reipublicae,
339 888 434 943 quarn,
450 889 515 925 oum
534 869 632 925 utilem
646 889 708 925 esse
723 870 841 943 diceret,

56 984 192 1023 messe
207 984 315 1039 aequam
331 965 475 1022 fateretur.
598 947 601 954 .

94 1157 213 1214 XXIII.
242 1157 347 1213 Plenus
379 1169 422 1213 est
454 1167 550 1215 sextus
577 1157 649 1213 liber
677 1157 712 1212 de
740 1157 843 1215 officiis

56 1252 217 1311 Hecatonis
238 1254 336 1309 talium
357 1254 563 1328 quaestionum:
588 1253 668 1310 Sitne
689 1253 757 1310 boni
778 1254 841 1324 viri,

56 1350 84 1406 in
100 1350 225 1407 maxima
240 1350 359 1407 caritate
375 1369 505 1421 annonae,
521 1350 658 1407 familiam
673 1369 731 1406 non
747 1350 841 1408 alere?
857 1357 887 1406 1⁰

54 1446 88 1503 Iu
113 1457 264 1520 utramque
289 1457 396 1522 partem
423 1447 563 1521 disputat;
599 1447 647 1503 sed
676 1457 781 1519 tamen,
807 1447 841 1504 ad

55 1555 224 1613 extremum,
243 1544 364 1599 utilitate
384 1554 464 1618 putat
486 1544 613 1600 officium
634 1544 718 1620 dirigi
740 1545 840 1622 magis,
883 1539 890 1548 ⁸

55 1659 140 1714 quam
162 1639 347 1695 humanitate.
388 1638 512 1711 Quaerit,
536 1640 568 1696 Si
589 1640 617 1696 in
640 1641 710 1696 mari
728 1640 842 1716 jactura

56 1736 189 1793 facienda
216 1736 261 1804 sit,
290 1735 393 1810 equine
422 1736 539 1810 pretiosi
573 1737 668 1811 potius
698 1737 840 1813 jacturam

55 1831 151 1902 faeiat,
168 1850 203 1887 an
219 1831 323 1887 servuli
338 1831 409 1887 vilis.
461 1830 520 1887 Hic
543 1831 597 1887 alio
617 1850 663 1886 res
684 1831 887 1904 semitarisia

56 1927 110 1986 alio
131 1927 214 1983 ducit
234 1926 403 1983 humanitas.
446 1928 477 1983 si
498 1927 622 1983 tabulam
638 1927 673 1982 de
692 1928 842 2004 naufragio

55 2024 158 2080 stultus
193 2022 352 2096 arripuerit,
380 2023 600 2095 extorquebitne
627 2040 690 2078 earn
718 2024 840 2099 sapiens,

55 2119 78 2176 si
97 2118 246 2195 potuerit?
286 2117 392 2194 Negat,
408 2117 476 2191 quia
496 2117 532 2172 sit
553 2117 698 2191 injurium.
738 2117 841 2178 Quidt

55 2215 190 2272 dominus
211 2213 301 2284 navis,
317 2215 455 2289 eripietne
477 2213 580 2268 suurn?
621 2210 759 2269 Minime:
782 2231 840 2269 non

54 2312 128 2387 pIus,
144 2329 230 2386 quarn
245 2310 269 2366 si
283 2311 464 2387 navigantem
479 2308 508 2365 in
531 2308 588 2365 alto
608 2307 713 2383 ejicere
727 2307 763 2363 de
777 2308 841 2364 navi
854 2319 888 2368 m

55 2408 131 2479 velit,
147 2407 217 2482 quia
236 2426 288 2462 sua
308 2406 352 2463 sit.
393 2405 501 2467 Quoad
522 2405 600 2462 enirn
619 2414 787 2479 perventum
806 2404 842 2462 sit

55 2523 100 2576 eo,
115 2522 174 2579 quo
193 2512 307 2576 sumpta
326 2501 407 2558 navis
427 2511 479 2572 est,
495 2520 552 2558 non
570 2499 680 2558 domini
695 2511 737 2556 est
751 2500 841 2572 navis,

55 2601 104 2658 sed
125 2599 332 2674 navigantium.
373 2597 476 2659 Quidt
497 2597 593 2654 sinna
612 2597 710 2654 tabula
723 2597 769 2668 sit,
784 2596 842 2653 duo

54 2695 198 2772 naufragi,
215 2692 320 2773 [aeque]
333 2693 493 2768 sapientes3
515 2692 608 2750 sibine
621 2692 727 2750 utervis
741 2692 841 2769 rapiat,

56 2812 92 2850 aa
107 2793 180 2850 alter
194 2789 278 2847 cedat
294 2789 394 2846 alterii
435 2789 528 2846 Cedat
541 2808 626 2846 vero:
648 2787 698 2845 sed
712 2788 749 2861 ei,
761 2788 843 2866 eujus
856 2805 889 2856 z

55 2889 148 2968 magis
176 2886 298 2956 intersit,
327 2886 370 2943 rel
398 2885 450 2942 suti¹
479 2885 521 2943 reI
548 2885 714 2962 reipublice
745 2885 856 2957 oense,

54 2986 159 3046 virere
201 2982 305 3046 Quid?
323 2982 348 3043 si
369 2982 433 3045 haeo
453 2983 541 3065 paria
551 2984 585 3046 in
597 2985 754 3062 utroque&
788 2978 882 3041 utu-⁸

287 3083 354 3144 16*
