1904 3750
61 242 131 302 cil
365 243 408 290 na
431 244 577 292 ormcns.
864 234 903 295 le

60 391 152 462 niam,
177 389 229 447 s‘ed
257 389 346 448 vitem
374 391 472 464 etiam,
493 392 669 468 profundere
692 391 858 468 propatrui

58 487 154 563 parati
163 497 278 544 essent:
299 487 388 545 iidem
399 488 496 564 glorie
505 489 648 565 jacturam
660 508 697 546 ne
708 489 856 546 minimam

58 585 179 660 quidem
202 584 299 642 facere
317 585 435 657 vellent,
449 605 486 643 ne
501 587 649 662 republicd
663 586 779 660 quidem
793 605 858 661 pos·

58 681 187 738 tulante:
203 691 234 738 ut
244 681 459 753 Callicratidas,
471 682 530 757 qui,
542 702 608 740 cum
621 682 856 740 Lacedaemonio·

60 797 124 835 rum
146 779 206 836 dun
222 778 326 835 suisset
346 776 594 853 Peloponnesiaco
608 780 695 851 bello,
710 780 856 854 multaque
870 793 886 842 5

60 875 179 933 fecisset
199 875 330 952 egregie,
346 874 436 931 vertit
445 875 479 932 ad
493 886 652 934 extremum
667 877 774 948 omnia,
789 895 866 934 cnm,

60 971 185 1029 consilio
199 990 259 1028 non
273 970 372 1046 paruit
385 989 495 1043 eorum,
510 972 559 1048 qui
580 973 702 1029 classem
717 973 753 1030 ab
770 973 856 1049 Argi·

59 1069 155 1126 nussis
175 1067 394 1140 removendam,
409 1087 465 1125 nec
484 1087 551 1125 cum
571 1068 800 1126 Atheniensibus
815 1069 856 1125 di·

59 1165 238 1235 micandum,
271 1164 421 1239 putabant.
462 1163 580 1226 Quibus
615 1163 664 1220 ille
696 1164 853 1240 respondit,

60 1261 312 1331 Lacedaemonios,
335 1260 427 1317 classe
446 1260 495 1317 illd
518 1260 632 1332 amissi,
649 1260 733 1316 aliam
753 1279 854 1335 parare
870 1264 901 1313 10

58 1378 152 1434 posse,
175 1378 206 1416 se
228 1358 332 1435 fugere
357 1357 420 1413 sine
443 1377 496 1415 suo
517 1359 661 1415 dedecore
682 1377 740 1414 non
760 1376 852 1433 posse.

59 1457 157 1531 Atque
178 1455 242 1512 haec
264 1454 383 1529 quidem
403 1453 633 1512 Lacedaemoniis
647 1455 732 1531 plaga
746 1453 854 1511 medio·

59 1554 132 1610 cris:
155 1553 205 1610 illa
217 1551 368 1627 pestifera,
384 1551 451 1625 qud,
467 1569 532 1608 cnm
554 1552 766 1623 Cleombrotus,
782 1552 853 1609 invi-

59 1649 447 1720 diamtimens,temerecum
455 1647 850 1723 Epaminondriconllixisset,

58 1745 347 1804 Lacedaemoniorum
368 1763 436 1820 opes
457 1756 636 1804 corruerunt.
676 1746 797 1809 Quanto
809 1747 849 1809 Q.
866 1752 898 1801 15

56 1842 204 1902 Maximus
218 1842 341 1900 melius!
363 1841 470 1917 dequo
484 1841 613 1900 Ennius:

101 1978 117 2004 “
126 1974 201 2023 Unus
212 1973 289 2020 homo
300 1971 372 2018 nobis
382 1971 525 2019 cunctando
536 1973 645 2021 restituit
656 1990 716 2022 rom.

125 2054 184 2104 Non
195 2053 305 2116 ponebat
316 2052 384 2099 enirn
396 2066 507 2100 rumores
518 2060 575 2100 ante
588 2053 703 2107 salutern.

124 2135 203 2199 Ergo,
214 2140 321 2197 postque
333 2133 462 2196 magisque
476 2134 521 2181 viri
532 2149 601 2181 nnnc
613 2134 692 2198 gloria
702 2133 807 2182 cloret.”

56 2254 145 2316 Quod
175 2271 269 2330 genus
299 2251 442 2326 peccandi
469 2251 618 2308 vitandum
645 2261 689 2308 est
713 2251 798 2307 etiam
820 2250 849 2307 in
864 2260 896 2310 20

57 2353 143 2408 rebus
163 2348 293 2408 urbanis.
337 2347 412 2404 Sunt
432 2347 520 2418 enim,
536 2347 595 2422 qui,
615 2347 691 2421 quod
712 2346 850 2418 sentiunt,

58 2448 109 2505 etsi
131 2447 275 2523 optimum
298 2443 345 2516 sit,
369 2453 466 2501 tamen
487 2444 603 2501 invidiae
624 2453 703 2500 metu
722 2461 782 2499 non
804 2462 852 2499 au-

58 2544 144 2602 deant
157 2545 267 2601 dicere.

94 2702 195 2761 XXV.
217 2699 359 2771 Omnino,
374 2698 423 2775 qui
436 2697 604 2773 reipublice
614 2695 762 2774 praesuturi
773 2707 849 2770 sunt,

58 2799 114 2858 duo
134 2798 267 2857 Platonis
284 2806 430 2872 praecepta
448 2805 582 2864 teneant,
607 2813 707 2865 unum,
728 2804 759 2851 ut
776 2795 851 2852 utili·
863 2799 896 2850 25

58 2907 144 2955 tatem
157 2897 268 2955 civium
284 2894 327 2951 sic
342 2901 487 2962 tueantur,
502 2902 543 2962 ut,
555 2911 735 2967 quecunque
750 2902 849 2969 agunt,

57 2994 93 3052 ed
116 3013 180 3053 eam
200 2992 336 3065 referant,
363 2988 448 3052 obliti
475 2990 703 3055 commodorum
724 3009 870 3062 suorum,

240 3089 264 3145 5
