1904 3750
79 73 84 99 l

84 235 125 313 ,ἵε
297 250 434 309 mamus
451 249 524 297 srvs
544 250 588 297 uu
606 248 762 299 turcum.

129 397 251 472 patriam
271 397 402 456 inventus
416 408 459 456 est
473 418 576 458 nemo:
602 399 699 475 itaque
719 407 839 456 mortem
860 396 916 459 sibi

129 503 249 570 uterque
262 494 411 552 conscivit.

167 590 269 653 Quare
283 591 347 648 talis
361 591 556 667 improborum
571 573 726 648 consehsio
746 609 806 649 non
827 591 914 649 modo

128 687 315 744 excusatione
329 687 463 745 amicitie
478 687 602 764 tegenda
615 702 674 744 nun
688 697 742 758 est,
754 687 804 745 sed
818 687 914 762 potius

95 794 114 845 5
128 783 208 855 omni
220 783 362 858 supplicio
376 784 567 854 vindicanda3
589 793 670 841 utne
690 784 754 858 quis
775 784 831 841 sibi
845 803 912 841 con·

126 897 239 938 cessum
259 890 349 955 putet,
372 880 505 952 amicum,
527 880 571 936 vel
592 880 698 938 bellum
719 880 818 955 patrie
842 880 912 937 inse-

71 992 74 996 ·
125 985 247 1047 rentem,
261 977 359 1051 sequi:
380 976 457 1051 quod
475 976 601 1051 quidem,
625 985 656 1033 ut
676 995 722 1033 res
744 977 833 1051 coepit
857 977 909 1049 ire,

125 1070 202 1129 haud
221 1072 294 1145 scio,
317 1092 352 1130 an
368 1073 522 1147 aliquando
545 1072 670 1130 futurum
685 1072 731 1130 sit.
772 1071 848 1129 Mihi
863 1092 911 1130 au·

124 1177 184 1225 tem
215 1187 274 1226 non
304 1168 409 1226 minori
436 1187 513 1226 curae
538 1179 590 1239 est,
622 1169 715 1243 qualis
748 1168 911 1243 respublica

77 1273 112 1324 It)
123 1274 323 1340 postmortem
337 1284 429 1322 meam
451 1264 547 1322 futura
568 1265 614 1336 sit,
637 1284 722 1339 quam
744 1264 836 1340 qualis
859 1264 909 1322 ho-

123 1360 171 1418 die
184 1360 230 1419 sit.

161 1551 247 1610 XIII.
269 1551 343 1610 Haec
357 1551 445 1628 igitur
459 1551 552 1628 prima
570 1551 617 1609 lex
638 1552 773 1612 amicitie
796 1554 908 1612 saucia-

121 1657 177 1718 tur,
205 1658 237 1704 ut
260 1648 294 1704 ab
319 1648 419 1704 amicis
440 1647 561 1705 honesta
582 1659 723 1723 petamus,
750 1651 907 1708 amicorum

105 1742 107 1746 ⁴
122 1742 210 1798 causti
221 1743 342 1799 honesta
352 1742 509 1800 faciamus:
524 1763 561 1800 ne
571 1757 770 1819 exspectemus
780 1747 906 1820 quidem,

76 1847 107 1897 15
122 1837 190 1894 dum
204 1857 357 1914 rogemur:
379 1839 505 1896 studium
520 1859 631 1915 semper
646 1842 736 1911 adsit;
760 1844 907 1900 cunetatio

123 1934 204 1992 absit.
246 1935 406 1992 Consilium
429 1954 495 1992 vero
518 1936 585 1993 dare
607 1937 783 2013 gaudeamus
799 1939 905 1997 libere:

121 2031 276 2107 plurimum
308 2031 337 2089 in
367 2032 494 2089 amicitia
516 2033 672 2091 amicorum
694 2034 766 2090 bene
787 2035 908 2093 suaden-

121 2125 194 2183 tium
209 2127 301 2184 valeat
324 2128 498 2184 auctoritas:
521 2147 612 2202 eaque
636 2139 665 2184 et
688 2129 856 2186 adhibeatur
872 2130 907 2187 ad

39 2198 53 2258 i
122 2224 307 2294 monendum,
322 2242 380 2280 non
396 2224 481 2280 modo
497 2235 602 2299 aperte,
625 2225 777 2282 sedetiam
792 2227 906 2298 acriter,

75 2322 107 2372 20
122 2318 146 2375 si
160 2337 206 2375 res
219 2319 392 2394 postulabit3
414 2329 443 2375 et
455 2320 588 2377 adhibitae
598 2331 740 2395 pareatur.

160 2413 238 2472 Nam
253 2415 432 2489 quibusdam,
448 2435 518 2490 quos
534 2416 619 2473 audio
634 2417 777 2491 sapientes
791 2418 905 2476 habitos

123 2508 153 2567 in
167 2510 293 2582 Grecis,
313 2511 456 2586 placuisse
480 2512 582 2587 opinor
606 2513 751 2570 mirabilia
774 2515 904 2589 quaedam

124 2603 188 2682 (sed
203 2606 274 2663 nihil
288 2617 341 2676 est,
353 2607 430 2681 quod
444 2608 486 2664 illi
499 2626 558 2664 non
571 2620 777 2684 persequantur
791 2611 851 2666 suis
866 2631 908 2668 ar·

123 2701 243 2781 gutiis):
263 2703 367 2777 partim
390 2703 540 2780 fugiendas
554 2724 616 2762 esse
638 2705 741 2763 nimias
756 2708 906 2778 amicitias,

76 2815 108 2864 25
123 2816 160 2854 ne
174 2817 293 2855 necesse
308 2799 344 2855 sit
359 2819 447 2856 unum
461 2800 615 2857 sollicitum
627 2820 690 2858 esse
700 2821 752 2877 pro
761 2802 906 2877 pluribus:

121 2893 193 2951 sutis
207 2914 347 2971 superque
362 2914 424 2952 esse
439 2915 554 2953 suarum
576 2897 679 2972 cuique
703 2915 796 2954 rerum
811 2916 817 2953 :
840 2898 910 2954 alie·

110 2990 162 3051 uis
173 2993 267 3056 nimis
282 2993 430 3076 implicari
448 2993 603 3054 molestum
613 3012 694 3052 esse:
711 2993 909 3056 commodissi-
