1904 3750
80 245 148 327 aa]
377 247 420 293 ne
439 245 585 293 onmcrm.
878 238 916 298 15

81 395 267 454 nobilitatum
288 414 347 454 non
367 395 414 467 sit,
429 406 526 453 tamen
542 395 694 453 honestum
708 396 761 467 sit;
783 396 873 472 quod·

81 512 136 569 que
167 511 237 549 vere
264 492 399 564 dicimus,
420 493 506 550 etiam
531 492 556 549 si
584 494 702 551 anullo
728 494 870 567 laudetur,

80 590 185 650 natural
199 608 264 646 esse
279 589 432 647 laudabile.

121 786 156 843 V.
192 785 332 842 Formam
360 783 475 859 quidem
504 784 605 860 ipsam,
633 784 735 842 Marce
761 785 812 858 fili,
840 796 894 843 et:

81 891 218 956 tanquam
248 881 365 952 faciem,
387 881 497 938 honesti
518 883 613 952 vides;
648 901 711 956 quae
732 883 756 939 si
776 878 901 939 oculis5

81 988 260 1050 cerneretur,
280 978 426 1034 mirabiles
448 997 559 1034 amores
581 977 626 1054 (ut
648 980 686 1035 ait
706 979 802 1058 Plato)
825 998 871 1035 ex·

82 1076 184 1133 citaret
195 1075 356 1150 sapientiae.
392 1075 449 1131 Sed
461 1093 557 1145 omne,
568 1075 643 1149 quod
653 1075 804 1131 honestum
816 1086 869 1147 est,

81 1168 110 1225 id
122 1168 382 1244 quatuorpartium
394 1168 483 1224 oritur
498 1187 533 1224 ex
549 1167 652 1241 aliqud.
683 1169 829 1223 Autenim
839 1169 869 1225 in

79 1265 290 1341 perspicientid
310 1265 371 1321 veri
391 1265 575 1338 sollertiaque
597 1274 742 1333 versatur3
773 1273 821 1320 aut
841 1265 870 1320 in

80 1361 233 1418 hominum
257 1361 398 1417 societate
418 1361 534 1432 tuenda,
556 1361 766 1434 tribuendoque
788 1378 870 1416 suum
888 1358 918 1407 1⁰

81 1453 198 1528 cuique,
208 1463 239 1510 et
249 1471 346 1509 rerum
359 1463 570 1509 contractarum
583 1453 654 1522 fide3
678 1462 726 1509 aut
741 1452 871 1509 inanimi

81 1550 188 1606 excelsi
204 1559 290 1624 atque
306 1548 406 1605 invicti
420 1549 617 1625 magnitudine
633 1568 666 1605 ac
681 1549 784 1605 robore
793 1570 799 1618 ;
823 1558 872 1605 aut
938 1542 941 1551 ’

80 1646 110 1704 in
131 1646 274 1717 omnium,
290 1664 354 1719 quae
371 1645 452 1716 fiunt,
468 1663 588 1719 quaeque
608 1645 754 1716 dicuntur,
769 1645 871 1702 ordine

80 1752 110 1799 et
123 1741 223 1812 modo,
238 1741 269 1797 in
284 1760 343 1815 quo
357 1741 432 1797 inest
446 1741 587 1798 modestia
600 1752 628 1798 et
643 1742 840 1816 temperantia.
861 1764 864 1777 ¹

119 1837 199 1900 Quae
210 1847 334 1912 quatuor
343 1856 504 1912 quanquam
517 1838 589 1894 inter
601 1857 631 1895 se
643 1838 777 1914 colligata
787 1850 871 1913 atque
887 1839 917 1887 15

81 1933 232 2010 implicata
245 1943 322 2004 sunt,
334 1943 431 1990 tamen
442 1953 477 1990 ex
488 1933 609 2010 singulis
619 1946 699 1992 certa
709 1935 870 1992 officiorum

81 2048 192 2107 genera
211 2038 391 2086 nascuntur:
413 2029 538 2086 velut‘ex
552 2030 587 2086 ed
600 2042 691 2104 parte,
706 2050 768 2105 quae
778 2030 872 2104 prima

82 2125 231 2200 descripta
249 2135 303 2196 est,
321 2124 352 2182 in
374 2124 431 2199 qud
450 2125 620 2200 sapientiam
640 2135 669 2181 et
688 2125 871 2199 prudentiam

81 2222 227 2298 ponimus,
252 2220 329 2278 inest
356 2220 503 2297 indagatio
531 2231 615 2295 atque
642 2219 770 2276 inventio
793 2219 870 2274 veri:

81 2319 203 2395 ejusque
227 2317 341 2375 virtutis
368 2317 424 2374 lroc
444 2336 548 2374 munus
570 2328 614 2373 est
636 2316 791 2390 proprium.
832 2314 872 2371 Ut
885 2316 917 2367 20

82 2415 162 2471 enim
182 2413 305 2488 quisque
326 2413 450 2470 maxime
470 2412 617 2488 perspicit,
632 2411 700 2486 quid
714 2411 744 2468 in
758 2430 790 2467 re
803 2410 872 2485 qud·-

83 2529 140 2585 que
166 2511 348 2569 verissimum
382 2510 428 2581 sit,
456 2510 562 2584 quique
592 2508 756 2566 acutissime
776 2517 806 2563 et
825 2510 872 2563 ce*-
886 2532 897 2552 ε

82 2605 199 2664 lerrime
219 2614 314 2681 potest
327 2614 357 2662 et
370 2605 467 2662 videre
481 2615 510 2662 et
524 2605 667 2680 explicare
680 2603 831 2673 rationem,
846 2601 871 2658 ia

82 2702 325 2778 prudentiasimus
336 2711 365 2757 et
376 2701 602 2776 sapientissimus
613 2700 666 2757 rite
678 2699 777 2756 haberi
788 2699 868 2755 solet.

82 2796 236 2860 Quocirca
257 2798 337 2868 huic,
359 2796 441 2870 quusi
464 2796 593 2866 materia,
608 2814 693 2868 quam
714 2804 827 2865 tractet,
842 2803 871 2850 et
885 2795 916 2846 25

84 2893 116 2954 iu
129 2894 186 2970 qut
199 2904 339 2964 versetur,
355 2892 485 2967 subjecta
498 2902 541 2950 est
554 2891 681 2948 veritae·

121 2987 257 3065 Reliquis
279 2998 378 3049 autem
400 2987 494 3053 tribus
512 2988 675 3054 virtutiltua
693 2988 895 3053 neceaa'rtam
