<?xml version="1.0" encoding="UTF-8"?>
<!DOCTYPE html PUBLIC "-//W3C//DTD XHTML 1.0 Transitional//EN"
    "http://www.w3.org/TR/xhtml1/DTD/xhtml1-transitional.dtd">
<html xmlns="http://www.w3.org/1999/xhtml" xml:lang="en" lang="en">
 <head>
  <title>
</title>
<meta http-equiv="Content-Type" content="text/html;charset=utf-8" />
  <meta name='ocr-system' content='tesseract 3.04.00' />
  <meta name='ocr-capabilities' content='ocr_page ocr_carea ocr_par ocr_line ocrx_word'/>
</head>
<body>
  <div class='ocr_page' id='page_1' title='image "./mtciceronisdeof00dillgoog/mtciceronisdeof00dillgoog_0151.png"; bbox 0 0 1904 3750; ppageno 0'>
   <div class='ocr_carea' id='block_1_1' title="bbox 84 201 914 267">
    <p class='ocr_par' dir='ltr' id='par_1_1' title="bbox 84 201 914 267">
     <span class='ocr_line' id='line_1_1' title="bbox 84 201 914 267; baseline 0.005 -16"><span class='ocrx_word' id='word_1_1' title='bbox 84 201 141 262; x_wconf 76' lang='lat' dir='ltr'>m</span> <span class='ocrx_word' id='word_1_2' title='bbox 417 210 460 254; x_wconf 78' lang='lat' dir='ltr'>on</span> <span class='ocrx_word' id='word_1_3' title='bbox 483 209 627 255; x_wconf 73' lang='lat' dir='ltr'>currens.</span> <span class='ocrx_word' id='word_1_4' title='bbox 819 204 914 267; x_wconf 66' lang='lat' dir='ltr'>[bnt</span> 
     </span>
    </p>
   </div>
   <div class='ocr_carea' id='block_1_2' title="bbox 60 354 913 2652">
    <p class='ocr_par' dir='ltr' id='par_1_2' title="bbox 125 354 912 529">
     <span class='ocr_line' id='line_1_2' title="bbox 127 354 912 432; baseline 0.001 -20"><span class='ocrx_word' id='word_1_5' title='bbox 127 354 290 427; x_wconf 80' lang='lat' dir='ltr'>menturiis3</span> <span class='ocrx_word' id='word_1_6' title='bbox 314 356 472 432; x_wconf 67' lang='lat' dir='ltr'>prae&#39;sertim</span> <span class='ocrx_word' id='word_1_7' title='bbox 492 375 561 429; x_wconf 13' lang='lat' dir='ltr'>cum,</span> <span class='ocrx_word' id='word_1_8' title='bbox 579 356 696 429; x_wconf 85' lang='lat' dir='ltr'>scribut,</span> <span class='ocrx_word' id='word_1_9' title='bbox 717 355 828 414; x_wconf 90' lang='lat' dir='ltr'>nullum</span> <span class='ocrx_word' id='word_1_10' title='bbox 848 373 912 413; x_wconf 89' lang='lat' dir='ltr'>esse</span> 
     </span>
     <span class='ocr_line' id='line_1_3' title="bbox 125 454 824 529; baseline 0 -17"><span class='ocrx_word' id='word_1_11' title='bbox 125 455 222 513; x_wconf 91' lang='lat' dir='ltr'>locum</span> <span class='ocrx_word' id='word_1_12' title='bbox 237 455 267 511; x_wconf 89' lang='lat' dir='ltr'>in</span> <span class='ocrx_word' id='word_1_13' title='bbox 281 454 341 511; x_wconf 81' lang='lat' dir='ltr'>tutti</span> <span class='ocrx_word' id='word_1_14' title='bbox 354 454 535 529; x_wconf 65' lang='lat' dir='ltr'>philosophiis</span> <span class='ocrx_word' id='word_1_15' title='bbox 549 464 608 510; x_wconf 87' lang='lat' dir='ltr'>tam</span> <span class='ocrx_word' id='word_1_16' title='bbox 621 454 824 512; x_wconf 85' lang='lat' dir='ltr'>necessarium.</span> 
     </span>
    </p>

    <p class='ocr_par' dir='ltr' id='par_1_3' title="bbox 124 548 912 723">
     <span class='ocr_line' id='line_1_4' title="bbox 164 548 912 628; baseline -0.003 -20"><span class='ocrx_word' id='word_1_17' title='bbox 164 550 289 609; x_wconf 83' lang='lat' dir='ltr'><strong>Minime</strong></span> <span class='ocrx_word' id='word_1_18' title='bbox 308 568 377 607; x_wconf 90' lang='lat' dir='ltr'>vero</span> <span class='ocrx_word' id='word_1_19' title='bbox 403 549 543 608; x_wconf 72' lang='lat' dir='ltr'>assentior</span> <span class='ocrx_word' id='word_1_20' title='bbox 565 548 609 621; x_wconf 91' lang='lat' dir='ltr'>iis,</span> <span class='ocrx_word' id='word_1_21' title='bbox 631 549 680 623; x_wconf 92' lang='lat' dir='ltr'>qui</span> <span class='ocrx_word' id='word_1_22' title='bbox 707 559 824 628; x_wconf 82' lang='lat' dir='ltr'>negent,</span> <span class='ocrx_word' id='word_1_23' title='bbox 845 566 912 606; x_wconf 91' lang='lat' dir='ltr'>eum</span> 
     </span>
     <span class='ocr_line' id='line_1_5' title="bbox 124 645 912 723; baseline -0.005 -17"><span class='ocrx_word' id='word_1_24' title='bbox 124 647 222 707; x_wconf 89' lang='lat' dir='ltr'>locum</span> <span class='ocrx_word' id='word_1_25' title='bbox 249 666 267 706; x_wconf 82' lang='lat' dir='ltr'><strong>a</strong></span> <span class='ocrx_word' id='word_1_26' title='bbox 291 646 420 705; x_wconf 79' lang='lat' dir='ltr'>Penaetio</span> <span class='ocrx_word' id='word_1_27' title='bbox 445 646 678 723; x_wconf 77' lang='lat' dir='ltr'>pretermissum,</span> <span class='ocrx_word' id='word_1_28' title='bbox 702 647 753 703; x_wconf 86' lang='lat' dir='ltr'>sed</span> <span class='ocrx_word' id='word_1_29' title='bbox 782 645 912 704; x_wconf 84' lang='lat' dir='ltr'>consulto</span> 
     </span>
    </p>

    <p class='ocr_par' dir='ltr' id='par_1_4' title="bbox 60 741 913 1767">
     <span class='ocr_line' id='line_1_6' title="bbox 97 741 913 816; baseline 0.002 -19"><span class='ocrx_word' id='word_1_30' title='bbox 97 743 268 815; x_wconf 79' lang='lat' dir='ltr'>brelictum,</span> <span class='ocrx_word' id='word_1_31' title='bbox 288 761 344 800; x_wconf 91' lang='lat' dir='ltr'>uec</span> <span class='ocrx_word' id='word_1_32' title='bbox 368 743 487 800; x_wconf 89' lang='lat' dir='ltr'>omnino</span> <span class='ocrx_word' id='word_1_33' title='bbox 514 741 699 799; x_wconf 87' lang='lat' dir='ltr'>scribendum</span> <span class='ocrx_word' id='word_1_34' title='bbox 726 742 824 814; x_wconf 83' lang='lat' dir='ltr'>fuisse,</span> <span class='ocrx_word' id='word_1_35' title='bbox 846 741 913 816; x_wconf 86' lang='lat' dir='ltr'>quis</span> 
     </span>
     <span class='ocr_line' id='line_1_7' title="bbox 123 838 912 915; baseline -0.005 -16"><span class='ocrx_word' id='word_1_36' title='bbox 123 859 272 915; x_wconf 78' lang='lat' dir='ltr'>nunquam</span> <span class='ocrx_word' id='word_1_37' title='bbox 285 849 382 915; x_wconf 84' lang='lat' dir='ltr'>posset</span> <span class='ocrx_word' id='word_1_38' title='bbox 395 838 505 896; x_wconf 86' lang='lat' dir='ltr'>utilitas</span> <span class='ocrx_word' id='word_1_39' title='bbox 518 857 584 897; x_wconf 87' lang='lat' dir='ltr'>curn</span> <span class='ocrx_word' id='word_1_40' title='bbox 599 839 750 896; x_wconf 87' lang='lat' dir='ltr'>honestate</span> <span class='ocrx_word' id='word_1_41' title='bbox 765 856 912 915; x_wconf 85' lang='lat' dir='ltr'>pugnare:</span> 
     </span>
     <span class='ocr_line' id='line_1_8' title="bbox 124 934 912 1012; baseline -0.003 -20"><span class='ocrx_word' id='word_1_42' title='bbox 124 935 161 992; x_wconf 92' lang='lat' dir='ltr'>de</span> <span class='ocrx_word' id='word_1_43' title='bbox 187 954 244 1011; x_wconf 90' lang='lat' dir='ltr'>quo</span> <span class='ocrx_word' id='word_1_44' title='bbox 274 936 394 994; x_wconf 81' lang='lat' dir='ltr'>alterum</span> <span class='ocrx_word' id='word_1_45' title='bbox 426 945 521 1012; x_wconf 89' lang='lat' dir='ltr'>potest</span> <span class='ocrx_word' id='word_1_46' title='bbox 554 935 660 992; x_wconf 84' lang='lat' dir='ltr'>hebere</span> <span class='ocrx_word' id='word_1_47' title='bbox 693 934 912 1004; x_wconf 84' lang='lat' dir='ltr'>dubitationem,</span> 
     </span>
     <span class='ocr_line' id='line_1_9' title="bbox 125 1029 913 1113; baseline -0.004 -23"><span class='ocrx_word' id='word_1_48' title='bbox 125 1033 359 1113; x_wconf 77' lang='lat' dir='ltr'>adhibendumne</span> <span class='ocrx_word' id='word_1_49' title='bbox 385 1032 471 1090; x_wconf 82' lang='lat' dir='ltr'>fuerit</span> <span class='ocrx_word' id='word_1_50' title='bbox 494 1032 550 1089; x_wconf 92' lang='lat' dir='ltr'>hoc</span> <span class='ocrx_word' id='word_1_51' title='bbox 572 1049 673 1108; x_wconf 86' lang='lat' dir='ltr'>genus,</span> <span class='ocrx_word' id='word_1_52' title='bbox 695 1030 770 1104; x_wconf 92' lang='lat' dir='ltr'>quod</span> <span class='ocrx_word' id='word_1_53' title='bbox 792 1029 822 1087; x_wconf 91' lang='lat' dir='ltr'>iu</span> <span class='ocrx_word' id='word_1_54' title='bbox 843 1029 913 1087; x_wconf 86' lang='lat' dir='ltr'>divi·</span> 
     </span>
     <span class='ocr_line' id='line_1_10' title="bbox 125 1125 911 1201; baseline -0.004 -15"><span class='ocrx_word' id='word_1_55' title='bbox 125 1129 206 1188; x_wconf 91' lang='lat' dir='ltr'>sione</span> <span class='ocrx_word' id='word_1_56' title='bbox 220 1130 341 1188; x_wconf 83' lang='lat' dir='ltr'>Punaetii</span> <span class='ocrx_word' id='word_1_57' title='bbox 355 1129 471 1185; x_wconf 81' lang='lat' dir='ltr'>tertium</span> <span class='ocrx_word' id='word_1_58' title='bbox 485 1138 537 1200; x_wconf 87' lang='lat' dir='ltr'>est,</span> <span class='ocrx_word' id='word_1_59' title='bbox 553 1145 589 1184; x_wconf 83' lang='lat' dir='ltr'>un</span> <span class='ocrx_word' id='word_1_60' title='bbox 600 1127 685 1201; x_wconf 82' lang='lat' dir='ltr'>plene</span> <span class='ocrx_word' id='word_1_61' title='bbox 701 1125 911 1183; x_wconf 88' lang='lat' dir='ltr'>omittendum:</span> 
     </span>
     <span class='ocr_line' id='line_1_11' title="bbox 60 1212 911 1297; baseline -0.005 -15"><span class='ocrx_word' id='word_1_62' title='bbox 60 1228 245 1285; x_wconf 73' lang='lat' dir='ltr'>&#39;lttulterum</span> <span class='ocrx_word' id='word_1_63' title='bbox 272 1212 482 1283; x_wconf 60' lang='lat' dir='ltr'>dubitari&#39;non</span> <span class='ocrx_word' id='word_1_64' title='bbox 508 1229 611 1297; x_wconf 91' lang='lat' dir='ltr'>potest,</span> <span class='ocrx_word' id='word_1_65' title='bbox 639 1219 709 1294; x_wconf 91' lang='lat' dir='ltr'>quin</span> <span class='ocrx_word' id='word_1_66' title='bbox 737 1239 753 1277; x_wconf 87' lang='lat' dir='ltr'>u</span> <span class='ocrx_word' id='word_1_67' title='bbox 779 1220 911 1278; x_wconf 80' lang='lat' dir='ltr'>Pauaetio</span> 
     </span>
     <span class='ocr_line' id='line_1_12' title="bbox 125 1316 911 1397; baseline -0.008 -17"><span class='ocrx_word' id='word_1_68' title='bbox 125 1333 289 1397; x_wconf 88' lang='lat' dir='ltr'>susceptum</span> <span class='ocrx_word' id='word_1_69' title='bbox 309 1320 355 1392; x_wconf 88' lang='lat' dir='ltr'>sit,</span> <span class='ocrx_word' id='word_1_70' title='bbox 377 1319 426 1376; x_wconf 85' lang='lat' dir='ltr'>sed</span> <span class='ocrx_word' id='word_1_71' title='bbox 454 1318 594 1375; x_wconf 90' lang='lat' dir='ltr'>relictum.</span> <span class='ocrx_word' id='word_1_72' title='bbox 636 1316 713 1374; x_wconf 86' lang='lat' dir='ltr'>Nem</span> <span class='ocrx_word' id='word_1_73' title='bbox 734 1316 783 1391; x_wconf 91' lang='lat' dir='ltr'>qui</span> <span class='ocrx_word' id='word_1_74' title='bbox 803 1335 820 1373; x_wconf 88' lang='lat' dir='ltr'>e</span> <span class='ocrx_word' id='word_1_75' title='bbox 840 1318 911 1374; x_wconf 90' lang='lat' dir='ltr'>divi-</span> 
     </span>
     <span class='ocr_line' id='line_1_13' title="bbox 124 1412 911 1491; baseline -0.005 -16"><span class='ocrx_word' id='word_1_76' title='bbox 124 1419 206 1475; x_wconf 83' lang='lat' dir='ltr'>sione</span> <span class='ocrx_word' id='word_1_77' title='bbox 226 1415 366 1491; x_wconf 77' lang='lat' dir='ltr'>tripertittl</span> <span class='ocrx_word' id='word_1_78' title='bbox 386 1414 459 1471; x_wconf 85' lang='lat' dir='ltr'>duas</span> <span class='ocrx_word' id='word_1_79' title='bbox 476 1424 572 1489; x_wconf 87' lang='lat' dir='ltr'>partes</span> <span class='ocrx_word' id='word_1_80' title='bbox 594 1412 756 1485; x_wconf 81' lang='lat' dir='ltr'>absolverit,</span> <span class='ocrx_word' id='word_1_81' title='bbox 773 1413 842 1471; x_wconf 90' lang='lat' dir='ltr'>huic</span> <span class='ocrx_word' id='word_1_82' title='bbox 862 1433 911 1471; x_wconf 90' lang='lat' dir='ltr'>ne·</span> 
     </span>
     <span class='ocr_line' id='line_1_14' title="bbox 124 1508 912 1582; baseline -0.003 -12"><span class='ocrx_word' id='word_1_83' title='bbox 124 1531 205 1570; x_wconf 89' lang='lat' dir='ltr'>cesse</span> <span class='ocrx_word' id='word_1_84' title='bbox 218 1521 262 1568; x_wconf 90' lang='lat' dir='ltr'>est</span> <span class='ocrx_word' id='word_1_85' title='bbox 275 1521 382 1567; x_wconf 82' lang='lat' dir='ltr'>testere</span> <span class='ocrx_word' id='word_1_86' title='bbox 402 1510 524 1571; x_wconf 79' lang='lat' dir='ltr'><strong>tertiam.</strong></span> <span class='ocrx_word' id='word_1_87' title='bbox 549 1508 718 1582; x_wconf 84' lang='lat' dir='ltr'>.Praetereu,</span> <span class='ocrx_word' id='word_1_88' title='bbox 734 1509 764 1567; x_wconf 92' lang='lat' dir='ltr'>in</span> <span class='ocrx_word' id='word_1_89' title='bbox 784 1521 912 1568; x_wconf 82' lang='lat' dir='ltr'>extremo</span> 
     </span>
     <span class='ocr_line' id='line_1_15' title="bbox 123 1606 911 1683; baseline -0.003 -18"><span class='ocrx_word' id='word_1_90' title='bbox 123 1608 196 1666; x_wconf 93' lang='lat' dir='ltr'>libro</span> <span class='ocrx_word' id='word_1_91' title='bbox 216 1607 312 1679; x_wconf 90' lang='lat' dir='ltr'>tertio,</span> <span class='ocrx_word' id='word_1_92' title='bbox 327 1607 363 1663; x_wconf 93' lang='lat' dir='ltr'>de</span> <span class='ocrx_word' id='word_1_93' title='bbox 384 1607 439 1664; x_wconf 86' lang='lat' dir='ltr'>hec</span> <span class='ocrx_word' id='word_1_94' title='bbox 458 1616 539 1682; x_wconf 84' lang='lat' dir='ltr'>purte</span> <span class='ocrx_word' id='word_1_95' title='bbox 558 1606 711 1682; x_wconf 92' lang='lat' dir='ltr'>pollicetur</span> <span class='ocrx_word' id='word_1_96' title='bbox 728 1625 760 1664; x_wconf 90' lang='lat' dir='ltr'>se</span> <span class='ocrx_word' id='word_1_97' title='bbox 774 1606 911 1683; x_wconf 79' lang='lat' dir='ltr'>deinceps</span> 
     </span>
     <span class='ocr_line' id='line_1_16' title="bbox 77 1703 353 1767; baseline -0.022 -1"><span class='ocrx_word' id='word_1_98' title='bbox 77 1716 109 1767; x_wconf 79' lang='lat'>15</span> <span class='ocrx_word' id='word_1_99' title='bbox 123 1721 187 1761; x_wconf 85' lang='lat' dir='ltr'>esse</span> <span class='ocrx_word' id='word_1_100' title='bbox 200 1703 353 1760; x_wconf 84' lang='lat' dir='ltr'>dicturum.</span> 
     </span>
    </p>

    <p class='ocr_par' dir='ltr' id='par_1_5' title="bbox 123 1797 910 2167">
     <span class='ocr_line' id='line_1_17' title="bbox 162 1797 910 1875; baseline -0.001 -19"><span class='ocrx_word' id='word_1_101' title='bbox 162 1799 288 1857; x_wconf 80' lang='lat' dir='ltr'>Accedit</span> <span class='ocrx_word' id='word_1_102' title='bbox 301 1799 403 1856; x_wconf 88' lang='lat' dir='ltr'>eodem</span> <span class='ocrx_word' id='word_1_103' title='bbox 417 1799 498 1856; x_wconf 88' lang='lat' dir='ltr'>testis</span> <span class='ocrx_word' id='word_1_104' title='bbox 511 1799 650 1875; x_wconf 81' lang='lat' dir='ltr'>locuples,</span> <span class='ocrx_word' id='word_1_105' title='bbox 665 1798 846 1870; x_wconf 83' lang='lat' dir='ltr'>Posidonius,</span> <span class='ocrx_word' id='word_1_106' title='bbox 861 1797 910 1873; x_wconf 94' lang='lat' dir='ltr'>qui</span> 
     </span>
     <span class='ocr_line' id='line_1_18' title="bbox 123 1895 910 1971; baseline -0.004 -17"><span class='ocrx_word' id='word_1_107' title='bbox 123 1896 210 1954; x_wconf 84' lang='lat' dir='ltr'>etium</span> <span class='ocrx_word' id='word_1_108' title='bbox 231 1896 331 1954; x_wconf 86' lang='lat' dir='ltr'>scribit</span> <span class='ocrx_word' id='word_1_109' title='bbox 358 1895 388 1953; x_wconf 92' lang='lat' dir='ltr'>in</span> <span class='ocrx_word' id='word_1_110' title='bbox 409 1896 532 1971; x_wconf 72' lang='lat' dir='ltr'>quddam</span> <span class='ocrx_word' id='word_1_111' title='bbox 559 1896 691 1970; x_wconf 65' lang='lat' dir='ltr'>epistole,</span> <span class='ocrx_word' id='word_1_112' title='bbox 712 1896 743 1954; x_wconf 89' lang='lat' dir='ltr'>P.</span> <span class='ocrx_word' id='word_1_113' title='bbox 765 1895 910 1953; x_wconf 90' lang='lat' dir='ltr'>Rutilium</span> 
     </span>
     <span class='ocr_line' id='line_1_19' title="bbox 123 1992 910 2068; baseline -0.004 -17"><span class='ocrx_word' id='word_1_114' title='bbox 123 1992 235 2052; x_wconf 82' lang='lat' dir='ltr'>Rufum</span> <span class='ocrx_word' id='word_1_115' title='bbox 249 1992 347 2050; x_wconf 86' lang='lat' dir='ltr'>dicere</span> <span class='ocrx_word' id='word_1_116' title='bbox 368 1993 469 2065; x_wconf 86' lang='lat' dir='ltr'>solere,</span> <span class='ocrx_word' id='word_1_117' title='bbox 485 1993 534 2068; x_wconf 92' lang='lat' dir='ltr'>qui</span> <span class='ocrx_word' id='word_1_118' title='bbox 547 1992 707 2051; x_wconf 82' lang='lat' dir='ltr'>Penaetium</span> <span class='ocrx_word' id='word_1_119' title='bbox 726 1992 865 2063; x_wconf 85' lang='lat' dir='ltr'>audierat,</span> <span class='ocrx_word' id='word_1_120' title='bbox 879 2001 910 2048; x_wconf 92' lang='lat' dir='ltr'>ut</span> 
     </span>
     <span class='ocr_line' id='line_1_20' title="bbox 123 2088 910 2167; baseline -0.005 -18"><span class='ocrx_word' id='word_1_121' title='bbox 123 2109 209 2149; x_wconf 88' lang='lat' dir='ltr'>nemo</span> <span class='ocrx_word' id='word_1_122' title='bbox 235 2090 327 2167; x_wconf 90' lang='lat' dir='ltr'>pictor</span> <span class='ocrx_word' id='word_1_123' title='bbox 354 2100 430 2146; x_wconf 89' lang='lat' dir='ltr'>esset</span> <span class='ocrx_word' id='word_1_124' title='bbox 457 2090 599 2161; x_wconf 90' lang='lat' dir='ltr'>inventus,</span> <span class='ocrx_word' id='word_1_125' title='bbox 624 2088 673 2164; x_wconf 91' lang='lat' dir='ltr'>qui</span> <span class='ocrx_word' id='word_1_126' title='bbox 697 2088 766 2146; x_wconf 84' lang='lat' dir='ltr'>Coae</span> <span class='ocrx_word' id='word_1_127' title='bbox 788 2088 910 2146; x_wconf 89' lang='lat' dir='ltr'>Veneris</span> 
     </span>
    </p>

    <p class='ocr_par' dir='ltr' id='par_1_6' title="bbox 78 2184 912 2652">
     <span class='ocr_line' id='line_1_21' title="bbox 78 2184 909 2263; baseline -0.007 -17"><span class='ocrx_word' id='word_1_128' title='bbox 78 2203 110 2253; x_wconf 71' lang='grc' dir='ltr'>ω</span> <span class='ocrx_word' id='word_1_129' title='bbox 124 2206 188 2246; x_wconf 83' lang='lat' dir='ltr'>eam</span> <span class='ocrx_word' id='word_1_130' title='bbox 201 2197 320 2263; x_wconf 87' lang='lat' dir='ltr'>partem,</span> <span class='ocrx_word' id='word_1_131' title='bbox 332 2205 417 2261; x_wconf 84' lang='lat' dir='ltr'>quam</span> <span class='ocrx_word' id='word_1_132' title='bbox 429 2186 547 2262; x_wconf 87' lang='lat' dir='ltr'>Apelles</span> <span class='ocrx_word' id='word_1_133' title='bbox 560 2185 723 2242; x_wconf 81' lang='lat' dir='ltr'>inchoatam</span> <span class='ocrx_word' id='word_1_134' title='bbox 738 2184 909 2258; x_wconf 91' lang='lat' dir='ltr'>reliquisset,</span> 
     </span>
     <span class='ocr_line' id='line_1_22' title="bbox 126 2279 911 2361; baseline -0.01 -18"><span class='ocrx_word' id='word_1_135' title='bbox 126 2284 284 2343; x_wconf 82' lang='lat' dir='ltr'>absolveret</span> <span class='ocrx_word' id='word_1_136' title='bbox 296 2283 368 2361; x_wconf 90' lang='lat' dir='ltr'>(oris</span> <span class='ocrx_word' id='word_1_137' title='bbox 381 2284 457 2340; x_wconf 91' lang='lat' dir='ltr'>enim</span> <span class='ocrx_word' id='word_1_138' title='bbox 470 2281 655 2358; x_wconf 91' lang='lat' dir='ltr'>pulchritudo</span> <span class='ocrx_word' id='word_1_139' title='bbox 665 2279 767 2353; x_wconf 91' lang='lat' dir='ltr'>reliqui</span> <span class='ocrx_word' id='word_1_140' title='bbox 782 2280 911 2354; x_wconf 84' lang='lat' dir='ltr'>corporis</span> 
     </span>
     <span class='ocr_line' id='line_1_23' title="bbox 125 2375 911 2458; baseline -0.008 -18"><span class='ocrx_word' id='word_1_141' title='bbox 125 2381 256 2440; x_wconf 82' lang='lat' dir='ltr'>imitandi</span> <span class='ocrx_word' id='word_1_142' title='bbox 276 2398 356 2455; x_wconf 89' lang='lat' dir='ltr'>spem</span> <span class='ocrx_word' id='word_1_143' title='bbox 376 2380 553 2458; x_wconf 83' lang='lat' dir='ltr'>auferebat);</span> <span class='ocrx_word' id='word_1_144' title='bbox 574 2378 617 2435; x_wconf 87' lang='lat' dir='ltr'>sio</span> <span class='ocrx_word' id='word_1_145' title='bbox 631 2396 674 2449; x_wconf 87' lang='lat' dir='ltr'>eu,</span> <span class='ocrx_word' id='word_1_146' title='bbox 690 2395 751 2450; x_wconf 84' lang='lat' dir='ltr'>quae</span> <span class='ocrx_word' id='word_1_147' title='bbox 766 2375 911 2434; x_wconf 83' lang='lat' dir='ltr'>Panaetius</span> 
     </span>
     <span class='ocr_line' id='line_1_24' title="bbox 124 2475 910 2557; baseline -0.009 -20"><span class='ocrx_word' id='word_1_148' title='bbox 124 2477 361 2557; x_wconf 75' lang='lat' dir='ltr'>praetermisisset,</span> <span class='ocrx_word' id='word_1_149' title='bbox 372 2487 401 2533; x_wconf 93' lang='lat' dir='ltr'>et</span> <span class='ocrx_word' id='word_1_150' title='bbox 417 2495 475 2532; x_wconf 92' lang='lat' dir='ltr'>non</span> <span class='ocrx_word' id='word_1_151' title='bbox 485 2475 662 2551; x_wconf 75' lang='lat' dir='ltr'>perfecisset,</span> <span class='ocrx_word' id='word_1_152' title='bbox 672 2481 787 2548; x_wconf 87' lang='lat' dir='ltr'>propter</span> <span class='ocrx_word' id='word_1_153' title='bbox 799 2491 910 2545; x_wconf 89' lang='lat' dir='ltr'>eorum,</span> 
     </span>
     <span class='ocr_line' id='line_1_25' title="bbox 125 2567 912 2652; baseline -0.013 -17"><span class='ocrx_word' id='word_1_154' title='bbox 125 2595 189 2651; x_wconf 78' lang='lat' dir='ltr'>que</span> <span class='ocrx_word' id='word_1_155' title='bbox 201 2571 379 2652; x_wconf 77' lang='lat' dir='ltr'>perfecisset,</span> <span class='ocrx_word' id='word_1_156' title='bbox 393 2570 597 2646; x_wconf 76' lang='lat' dir='ltr'>prestantiem,</span> <span class='ocrx_word' id='word_1_157' title='bbox 611 2567 755 2626; x_wconf 89' lang='lat' dir='ltr'>neminem</span> <span class='ocrx_word' id='word_1_158' title='bbox 772 2585 835 2625; x_wconf 87' lang='lat' dir='ltr'>esse</span> <span class='ocrx_word' id='word_1_159' title='bbox 849 2587 912 2643; x_wconf 92' lang='lat' dir='ltr'>per·</span> 
     </span>
    </p>
   </div>
   <div class='ocr_carea' id='block_1_3' title="bbox 80 2685 264 2736">
    <p class='ocr_par' dir='ltr' id='par_1_7' title="bbox 80 2685 264 2736">
     <span class='ocr_line' id='line_1_26' title="bbox 80 2685 264 2736; baseline -0.033 0"><span class='ocrx_word' id='word_1_160' title='bbox 80 2687 112 2736; x_wconf 73' lang='lat'>25</span> <span class='ocrx_word' id='word_1_161' title='bbox 126 2685 264 2732; x_wconf 85' lang='lat' dir='ltr'>secutum.</span> 
     </span>
    </p>
   </div>
   <div class='ocr_carea' id='block_1_4' title="bbox 158 2856 910 2940">
    <p class='ocr_par' dir='ltr' id='par_1_8' title="bbox 158 2856 910 2940">
     <span class='ocr_line' id='line_1_27' title="bbox 158 2856 910 2940; baseline -0.009 -17"><span class='ocrx_word' id='word_1_162' title='bbox 158 2865 219 2926; x_wconf 83' lang='grc' dir='ltr'>ΠΙ.</span> <span class='ocrx_word' id='word_1_163' title='bbox 241 2864 441 2929; x_wconf 82' lang='lat' dir='ltr'>Quamobrem</span> <span class='ocrx_word' id='word_1_164' title='bbox 461 2862 497 2920; x_wconf 91' lang='lat' dir='ltr'>de</span> <span class='ocrx_word' id='word_1_165' title='bbox 514 2859 626 2940; x_wconf 89' lang='lat' dir='ltr'>judicio</span> <span class='ocrx_word' id='word_1_166' title='bbox 645 2856 766 2917; x_wconf 80' lang='lat' dir='ltr'>Punetii</span> <span class='ocrx_word' id='word_1_167' title='bbox 786 2857 910 2917; x_wconf 75' lang='lat' dir='ltr'>dubitari</span> 
     </span>
    </p>
   </div>
   <div class='ocr_carea' id='block_1_5' title="bbox 0 0 956 3750">
    <p class='ocr_par' dir='ltr' id='par_1_9' title="bbox 0 0 956 3750">
     <span class='ocr_line' id='line_1_28' title="bbox 0 0 956 3750; baseline 0 0"><span class='ocrx_word' id='word_1_168' title='bbox 0 0 956 3750; x_wconf 95' lang='lat' dir='ltr'> </span> 
     </span>
    </p>
   </div>
  </div>
 </body>
</html>
