1904 3750
61 249 89 298 c.
98 250 130 310 ι]
362 251 405 299 nn
424 251 569 300 osrrcus.
865 243 905 304 57

100 398 282 456 Adhibenda
292 408 337 456 est
347 398 435 476 igitur
444 399 750 474 quedamreverentie
760 400 858 458 adver·

61 515 110 554 sus
128 495 273 568 homines,
288 506 319 553 et
338 496 439 571 optimi
456 496 606 572 cujusque,
619 507 648 554 et
662 497 855 572 reliquorum:

62 612 128 649 nam
152 593 313 669 negligere,
336 591 405 666 quid
424 592 510 651 dese
529 593 649 668 quisque
668 593 782 664 sentiat,
797 613 854 651 non

62 689 156 746 solum
171 689 334 766 arrogantis
348 699 402 760 est,
412 689 463 747 sed
478 690 564 747 etiam
580 690 699 761 omnino
714 691 853 748 dissoluti.

64 785 115 842 Est
139 796 246 856 nutem,
269 785 349 860 quod
370 785 491 858 differat,
514 787 544 843 iu
569 786 718 845 hominum
742 788 887 844 ratione5

63 881 206 953 habendi,
228 882 305 939 inter
323 881 465 957 justitiam
485 892 514 941 et
534 882 747 941 verecundiam.
790 882 855 940 Jus-

63 977 132 1036 titiae
146 987 244 1054 partes
257 987 337 1047 sunt,
352 996 409 1034 non
425 977 530 1035 violare
551 978 697 1048 homines3
718 998 855 1036 verecun-

63 1073 127 1144 diae,
141 1092 202 1131 non
223 1073 390 1131 offendere:
412 1072 442 1131 in
461 1091 518 1149 quo
537 1073 661 1133 maxime
681 1074 853 1149 perspicitur

61 1169 103 1227 vis
127 1170 237 1227 decori.
281 1168 340 1226 His
363 1169 451 1246 igitur
474 1169 620 1246 expositis,
645 1169 729 1243 quale
753 1169 790 1225 sit
814 1169 853 1242 id,

61 1267 138 1342 quod
152 1267 260 1324 decere
274 1264 410 1337 dicimus,
425 1266 604 1325 intellectum
617 1274 697 1341 puto.
871 1273 902 1321 10

99 1361 240 1420 Officium
256 1371 365 1433 autern,
379 1361 455 1436 quod
469 1364 504 1419 ab
518 1381 554 1420 eo
568 1362 694 1433 ducitur,
710 1361 785 1418 hauc
798 1361 855 1437 pri·

59 1478 136 1518 mum
158 1459 246 1517 habet
260 1458 348 1529 vium,
362 1478 424 1532 quae
439 1458 556 1517 deducit
572 1460 607 1517 ad
622 1458 853 1517 convenientium

59 1556 371 1629 conservationemque
390 1564 516 1626 naturae;
545 1556 676 1631 quamsi
701 1574 853 1632 sequemur

58 1653 177 1723 ducem,
191 1665 341 1726 nunquam
354 1652 565 1710 aberrabimus:
587 1672 853 1729 consequemurque

60 1760 89 1807 et
103 1750 133 1806 id
146 1749 226 1824 quod
242 1758 360 1805 acutum
381 1760 419 1828 et
432 1750 582 1824 perspicax
595 1753 697 1808 unturd
712 1764 765 1821 est,
780 1761 809 1807 et
824 1750 853 1806 id
870 1757 901 1806 15

60 1844 137 1919 quod
160 1843 196 1901 nd
218 1843 370 1901 homiuum
391 1844 636 1903 consociationem
654 1845 854 1904 accommoda·

60 1950 132 2013 tum,
161 1951 191 1997 et
218 1939 250 1997 id
276 1939 352 2014 quod
380 1942 534 1999 vehemens
558 1951 643 2016 atque
670 1943 751 2000 forte.
794 1943 853 1998 Sed

60 2037 188 2095 maxima
208 2036 250 2094 ris
271 2035 372 2095 decori
393 2035 424 2093 in
447 2038 503 2095 hnc
527 2037 601 2095 inest
624 2050 714 2112 parte,
740 2038 776 2094 de
797 2038 854 2111 qud

60 2133 250 2210 disputamus.
293 2130 399 2206 Neque
426 2133 503 2191 enim
528 2134 622 2191 solum
644 2133 784 2208 corporis,
805 2152 842 2205 qu

63 2231 97 2287 nd
118 2240 254 2287 naturam
278 2228 337 2303 apti
361 2239 437 2300 suut,
460 2229 518 2292 sed,
538 2229 629 2288 multo
649 2229 737 2286 etiam
762 2229 854 2303 magis
869 2239 902 2287 20

63 2326 151 2384 mimi
170 2336 267 2384 motus
287 2325 438 2399 probandi,
453 2325 503 2400 qui
523 2325 591 2383 item
608 2325 643 2382 ed
661 2334 792 2381 naturam
810 2342 854 2379 ac-

63 2422 237 2482 commodati
247 2430 325 2479 sunt.
359 2420 475 2496 Duplex
484 2430 528 2479 est
539 2421 617 2484 enim
628 2421 671 2476 vis
682 2420 853 2489 animorum,

64 2529 148 2594 atque
168 2528 299 2577 naturae:
328 2535 387 2574 una
408 2536 474 2593 pars
496 2516 526 2574 iu
549 2516 675 2593 appetitu
697 2515 791 2591 posita
811 2525 854 2570 est

64 2613 141 2690 (quse
163 2625 208 2672 est
231 2615 330 2685 Ὀρμὴ
353 2613 481 2694 Grece)‚
494 2632 558 2687 quae
581 2612 726 2670 hominem
748 2611 806 2667 huc
826 2620 854 2667 et

64 2709 132 2769 illuc
145 2710 239 2786 rapit;
262 2709 353 2766 altera
374 2708 405 2765 in
426 2709 548 2779 ratione,
564 2728 626 2782 quae
647 2709 734 2767 docet
755 2716 784 2763 et
808 2725 855 2764 ex·
869 2714 902 2764 25

63 2806 169 2882 planat,
184 2805 256 2881 quid
271 2804 437 2864 iaciendum
452 2804 657 2881 fugiendumve
671 2805 716 2862 sit.
757 2803 853 2876 lutit,

63 2913 94 2964 nt
106 2904 181 2965 mio
193 2901 305 2982 presit,
321 2901 463 2978 appetitus
475 2902 662 2978 obtemperet.
