1904 3750
325 278 368 325 ca
389 277 591 326 sannorum.
864 270 903 329 39

66 426 225 502 appellant:
257 435 318 482 tum
347 426 510 483 conditiora
537 425 607 483 facit
634 425 697 482 haec
722 443 854 501 superva-

65 523 149 579 canei
163 512 250 579 etiam
264 522 359 597 operis
375 523 531 598 aucupium
553 532 636 597 atque
651 522 774 579 venatio

101 619 185 680 Quid
213 619 249 674 de
275 629 422 694 pratorum
450 619 604 690 viriditate,
635 629 684 675 aut
718 620 852 675 arborum

64 715 223 786 ordinibus,
246 725 295 772 aut
315 716 462 772 vinearum
490 715 719 792 olivetorumque
744 716 853 791 specie,

64 812 181 868 dicaml
223 812 308 868 Brevi
322 812 486 887 praecidam.
528 812 610 888 Agro
631 813 704 869 bene
719 813 798 870 culto
811 813 851 868 nil
868 819 884 868 5

62 918 157 983 potest
177 926 250 978 esse,
272 927 327 964 neo
349 927 402 963 usu
423 908 551 979 uberius,
566 927 621 965 nec
646 909 744 983 specie
768 928 852 966 orna-

62 1004 135 1072 tius;
153 1004 187 1060 ad
198 1023 282 1078 quem
298 1004 461 1074 fruendum,
473 1021 532 1059 nou
547 1004 633 1060 modo
644 1022 703 1060 non
715 1005 850 1076 retardat,

62 1100 261 1156 verumetiam
277 1099 378 1156 invitat
390 1109 473 1174 atque
486 1099 600 1156 allectat
609 1110 751 1156 senectus.
792 1100 851 1156 Ubi
875 1125 877 1128 ·

62 1196 140 1252 enim
152 1206 247 1272 potest
262 1196 311 1253 illa
322 1206 390 1252 aetas
400 1205 448 1253 aut
459 1196 604 1253 calescere
615 1196 659 1252 vel
672 1196 851 1270 apricatione

61 1292 165 1349 melius
193 1293 236 1349 vel
265 1293 341 1369 igni3
365 1303 415 1349 aut
442 1292 569 1350 vicissim
595 1293 705 1349 umbris
733 1293 849 1366 aquisve
866 1297 897 1347 10

61 1388 225 1464 refrigerari
239 1389 402 1445 salubriusl
443 1389 507 1446 Sibi
522 1388 609 1465 igitur
621 1389 746 1446 habeant
761 1407 849 1460 arma,

61 1484 116 1541 sibi
137 1503 235 1559 equos,
258 1485 313 1541 sibi
334 1485 440 1557 hastas,
462 1485 517 1543 sibi
538 1485 659 1557 clavam,
680 1485 736 1542 sibi
750 1485 849 1561 pilam,

61 1581 116 1638 sibi
143 1582 305 1638 natationes
332 1591 361 1638 et
387 1602 506 1639 cursus:
540 1583 626 1639 nobis
658 1582 786 1655 senibus,
814 1601 850 1638 cx

60 1677 220 1734 lusionibus
241 1678 348 1750 multia,
370 1679 443 1736 talos
464 1679 637 1755 relinquant,
659 1687 688 1736 et
708 1689 848 1736 tesseras:

60 1773 185 1848 idipsum
215 1771 338 1853 [utrum]
366 1774 494 1845 lubebit3
529 1775 675 1850 quoniam,
703 1776 766 1834 sine
793 1776 895 1848 his,15

60 1868 145 1926 beata
158 1888 222 1926 esse
236 1880 370 1927 senectus
390 1880 493 1947 potest.

98 2060 198 2118 XVII.
240 2061 349 2119 Multas
371 2062 406 2120 ad
426 2082 472 2119 res
491 2063 630 2137 perutiles
643 2062 848 2139 Xenophontis

58 2157 125 2214 libri
152 2170 233 2215 sunt:
268 2178 340 2232 quos
373 2159 471 2235 legite,
499 2178 606 2233 quaeso,
642 2160 780 2232 studiose,
816 2171 849 2217 ut
858 2189 869 2199 ··

59 2254 161 2311 facitis.
202 2255 302 2316 Quam
317 2256 437 2330 copiose
453 2257 489 2313 ab
510 2274 546 2312 eo
561 2256 738 2332 agricultura
750 2256 848 2314 lauda-

57 2360 104 2406 tur
125 2351 155 2407 in
176 2370 210 2407 eo
231 2351 315 2423 libr0,
337 2353 386 2427 qui
407 2362 450 2409 est
471 2351 507 2408 de
528 2352 637 2408 tuenda
657 2371 688 2408 rc
703 2353 847 2426 familiari,
861 2349 893 2399 2⁰

58 2447 107 2521 qui
142 2453 161 2480 “
173 2447 413 2505 OEconomicus''
448 2449 632 2507 inscribitur!
675 2449 782 2525 Atque,
815 2464 848 2508 nt

57 2543 235 2620 intelligatis,
264 2545 335 2601 nihil
364 2546 391 2602 ei
418 2555 477 2602 tam
510 2546 608 2622 regale
636 2546 726 2603 videri
760 2563 847 2621 quam

57 2640 184 2696 studium
219 2641 280 2717 agri
314 2641 439 2714 colendi,
475 2642 611 2699 Socrates
638 2643 668 2699 in
702 2662 738 2700 eo
772 2644 847 2701 libro
879 2695 881 2698 ,

56 2736 184 2811 loquitur
198 2756 265 2793 curn
279 2737 442 2809 Critobulo,
458 2737 568 2813 Cyrum
581 2739 732 2811 minorem,
748 2758 847 2817 regern

56 2831 219 2905 Persarum,
246 2843 430 2910 praestantem
459 2834 578 2910 ingenio
614 2845 699 2909 atque
733 2836 846 2912 imperii
860 2829 892 2878 25

57 2927 159 3006 gloria,
180 2948 248 2986 cunr
269 2928 417 3004 Lysander
437 2929 687 3004 Lacedaemonius,
709 2932 751 2990 vir
771 2952 847 2990 sum-

56 3041 110 3082 nne
125 3025 246 3099 virtutis,
263 3025 392 3087 venisset
407 3027 445 3088 ad
458 3046 531 3088 enm
549 3028 675 3102 Sardis,
685 3027 781 3100 exure
792 3025 884 3077 oona
