1904 3750
66 263 107 323 94
272 273 410 332 annius,
427 273 503 322 s1vn
522 275 567 322 nn
586 270 749 323 auronum

113 442 173 481 non
182 423 276 483 solum
288 424 422 483 amicitiae
431 425 580 503 depositae,
591 425 642 482 sed
651 423 811 484 inimicitia
821 427 913 484 etiam

114 531 266 598 susceptas,
294 520 455 579 rideantur.
506 521 590 580 Nihil
614 521 694 579 enim
720 531 765 579 est
787 521 912 598 turpius,

114 636 200 693 quam
215 637 282 677 oum
296 636 332 675 eo
346 618 454 676 bellum
471 637 583 697 gerere,
597 617 717 694 quioum
732 618 913 678 familiariter

113 715 225 773 rixeris.
267 715 317 773 Ab
339 715 469 773 amicitiai
482 716 522 778 Q.
537 715 680 792 Pompeii,
695 734 762 773 meo
782 716 912 789 nomine,

82 830 98 879 5
114 830 145 869 se
165 823 326 870 removerat
348 811 395 891 (ut
417 813 512 893 scitis)
529 813 650 890 Scipio:
670 823 789 890 propter
804 813 913 872 dissen-

114 908 226 967 sionem
250 921 357 983 autem,
376 930 439 986 quae
457 921 520 968 erat
541 911 572 968 iu
593 910 754 986 republiei,
770 909 913 969 alienatus

113 1016 184 1064 esta
198 1007 311 1086 collegi
325 1018 423 1066 nostro
432 1007 562 1066 Metello.
603 1007 766 1083 Utrumque
780 1007 841 1085 egit
849 1027 914 1086 gra·

113 1103 195 1178 riter,
208 1106 390 1179 auctoritate,
400 1117 429 1164 et
443 1105 603 1164 offensione
619 1104 708 1163 animi
721 1123 781 1163 non
796 1105 911 1164 aeerbi.

152 1202 364 1277 Quamobrem,
378 1203 503 1280 primum
524 1202 620 1260 danda
640 1220 729 1278 opera
748 1212 802 1274 est,
817 1221 914 1279 nequa

66 1320 97 1370 10
115 1301 274 1359 amicorum
285 1300 405 1359 dissidia
416 1302 502 1359 fiant:
524 1301 569 1358 sin
580 1300 638 1358 tale
654 1299 761 1376 aliquid
773 1299 912 1373 evenerit,

113 1408 145 1456 ut
159 1398 308 1457 exstinctae
321 1397 419 1474 potius
430 1397 575 1470 amicitiae,
585 1416 672 1474 quam
683 1415 838 1474 oppressae,
848 1415 913 1456 esse

112 1495 271 1555 videantur.
322 1494 492 1553 Cavendum
521 1513 590 1552 vero
617 1505 671 1568 est,
699 1513 737 1552 ne
764 1494 853 1553 etiam
881 1494 913 1554 in

112 1611 213 1669 graves
228 1591 396 1650 inimicitias
411 1601 581 1650 convertant
597 1610 630 1649 se
644 1591 799 1650 amicitie:
820 1610 837 1649 e
851 1591 913 1668 qui·

112 1688 165 1746 bus
190 1688 295 1766 jurgia,
324 1688 489 1760 maledicta,
518 1689 712 1762 contumeliae,
735 1689 911 1765 gignantur:

64 1792 96 1841 15
110 1803 172 1860 quae
187 1794 295 1857 tamen,
310 1784 335 1843 si
348 1785 515 1843 tolerabiles
529 1797 624 1858 erunt,
637 1786 763 1844 ferendae
777 1799 862 1843 sunt:
884 1796 913 1844 et

111 1881 159 1939 hie
174 1881 267 1939 honos
281 1882 371 1940 veteri
394 1883 527 1941 amicitiae
542 1883 713 1941 tribuendus
727 1893 781 1954 est,
796 1893 828 1940 ut
844 1884 868 1940 is
882 1884 913 1941 in

112 1979 198 2054 oulpi
223 1979 261 2037 sit
275 1980 324 2055 qui
347 1979 444 2052 saciat,
459 1999 520 2037 non
535 1980 584 2055 qui
604 1980 740 2056 patiatur,
765 1979 911 2055 injuriam.

111 2075 241 2134 Omnino
263 2076 392 2135 omniurn
414 2077 517 2135 horum
542 2077 680 2135 vitiorum
702 2086 788 2151 atque
803 2077 914 2135 incom-

112 2175 265 2231 modorum
288 2194 347 2232 una
361 2174 459 2232 cautio
474 2184 527 2246 est,
545 2185 629 2250 atque
650 2193 709 2231 nna
728 2173 866 2249 provisio,
883 2184 913 2233 ut

65 2289 150 2338 pone
178 2271 266 2329 nimis
294 2272 353 2329 oito
377 2271 499 2349 diligere
532 2271 716 2348 incipiamus,
744 2289 818 2328 neve
852 2291 913 2330 non

113 2368 228 2446 dignos.

153 2465 244 2543 Digni
257 2477 353 2524 autern
367 2477 434 2523 sunt
446 2465 584 2536 amicitiai,
597 2466 701 2540 quibus
711 2465 742 2522 in
757 2465 827 2541 ipsis
838 2464 914 2525 inest

114 2581 212 2635 eausa,
228 2582 278 2620 cur
293 2563 460 2639 diligantur.
502 2562 615 2620 Rarum
630 2581 723 2638 genus
739 2562 782 2639 (et
796 2564 914 2638 quidem

114 2660 213 2717 omnia
233 2659 373 2736 praeelara
390 2661 488 2738 rara);
510 2678 567 2716 nee
585 2659 740 2734 quidquam
756 2660 913 2733 difficilius,

67 2763 99 2812 25
114 2775 200 2830 quam
221 2757 357 2832 reperire,
382 2757 460 2830 quod
484 2756 521 2813 sit
545 2756 625 2814 omni
650 2775 686 2813 ex
705 2767 787 2832 parte
807 2756 838 2813 in
859 2777 915 2815 suo

114 2870 222 2925 genere
240 2853 409 2930 perfeetum.
453 2854 511 2910 Sed
527 2853 658 2928 plerique
672 2873 767 2928 neque
781 2853 811 2909 in
826 2854 916 2912 rebus

106 2947 247 3011 humanis
259 2949 418 3031 quidquam
425 2950 535 3008 bonum
547 2949 664 3021 norunt,
676 2950 732 3007 nisi
746 2949 822 3025 quod
838 2949 916 3008 fruo-

96 3057 223 3113 tuosuru
257 3054 314 3129 sit;
348 3063 381 3114 et
409 3048 539 3122 amieos,
556 3057 698 3120 uunquam
713 3045 856 3117 qsouoss,
870 3065 926 3102 eos
