1904 3750
75 229 141 289 iffi
281 238 420 301 MELIUS,
440 240 516 290 SIVE
536 241 580 290 DE
600 239 761 292 autema.

125 387 278 448 sedetiam
290 390 413 466 posteris
433 391 488 449 erit
501 391 580 450 clara
599 401 629 450 et
648 390 779 469 insignis.
819 391 920 451 Nemo

122 503 253 562 unquam
268 487 364 544 auimo
379 496 427 545 aut
440 505 492 563 spe
512 487 621 564 majora
636 488 784 563 suscipiet,
798 488 847 564 qui
861 488 919 547 sibi

124 599 185 640 non
200 581 277 640 illius
289 581 458 639 memoriam
479 592 564 657 atque
584 582 740 661 imaginem
758 601 920 660 proponen-

125 677 193 737 dam
206 687 296 754 putet.

92 779 110 830 t
164 774 317 850 Eqmdem,
342 793 378 832 ex
404 775 538 834 omnibus
560 777 647 834 rebus
670 794 741 852 quas
770 777 844 834 mihi
870 785 919 836 aut

125 871 241 930 fortuna
267 882 317 930 aut
342 882 446 930 natura
472 873 582 948 tribuit,
610 873 682 932 nihil
709 874 814 946 habeo,
842 856 919 951 quod

123 987 192 1029 cum
215 969 344 1029 amicitie
368 970 515 1049 Scipionis
535 970 643 1046 possim
667 988 843 1046 comparare.
884 969 919 1029 In

124 1065 181 1126 hac
196 1068 266 1126 mihi
286 1069 323 1127 de
343 1069 493 1146 republicai
506 1086 675 1138 consensus,
696 1066 726 1124 in
747 1067 804 1125 hac
823 1085 919 1125 rerum

123 1163 298 1240 privatarum
320 1166 484 1238 consilium,
514 1165 544 1223 in
568 1164 671 1222 eidem
698 1162 812 1240 requies
834 1163 920 1239 piena

77 1254 109 1306 1⁰
123 1261 327 1321 oblectationis
354 1262 415 1321 fuit.
456 1261 613 1338 Nunquam
637 1260 718 1318 iilum
741 1278 778 1317 ne
800 1259 919 1318 minimi

125 1357 241 1433 quidem
255 1377 286 1416 re
300 1358 418 1430 offendi,
433 1357 510 1433 quod
528 1355 646 1433 quidem
666 1354 825 1414 senserim:
846 1355 918 1414 nihil

125 1454 221 1513 audivi
245 1473 281 1512 ex
303 1473 339 1512 eo
363 1454 434 1532 ipse,
461 1453 539 1531 quod
566 1453 681 1510 nollem.
722 1451 789 1511 Una
816 1451 919 1510 domus

125 1559 196 1621 erat,
212 1548 288 1606 idern
302 1549 405 1621 victus,
420 1549 501 1625 isque
515 1547 695 1617 communis;
717 1565 811 1623 neque
824 1546 919 1604 solum

125 1644 238 1717 militia,
269 1645 320 1703 sed
354 1645 441 1702 etiam
477 1644 725 1720 peregrinationes
759 1643 920 1702 rusticatio·

78 1751 110 1803 15
125 1759 234 1817 nesque
261 1760 439 1799 communes.
491 1740 569 1798 Nam
589 1740 658 1815 quid
678 1759 733 1817 ego
753 1741 789 1797 de
816 1741 919 1798 studiis

125 1837 222 1895 dicam
244 1837 442 1915 cognoscendi
468 1856 581 1913 semper
606 1837 723 1912 aliquid,
749 1847 833 1912 atque
865 1836 921 1894 dis-

126 1935 223 2005 cendi,
238 1935 268 1992 in
289 1934 403 2010 quibnS,
418 1933 521 1993 remoti
543 1934 578 1992 ab
599 1933 692 1991 oculis
708 1933 818 2008 populi,
833 1951 920 1991 omne

126 2031 252 2090 otiosum
275 2042 388 2108 tempus
416 2031 623 2089 contrivimus?
662 2028 796 2091 Quarum
824 2049 920 2088 rerum

126 2129 289 2187 recordatio
303 2139 332 2185 et
355 2128 496 2186 memorio
518 2127 542 2184 si
567 2127 708 2184 unicum
733 2126 782 2183 illo
796 2127 921 2183 occidis·

79 2236 112 2287 20
127 2234 180 2297 set,
196 2225 369 2282 desiderium
384 2222 615 2300 conjunctissimi
632 2231 715 2296 atque
731 2221 920 2279 amantissimi

126 2321 180 2379 viri
209 2321 282 2378 serre
309 2320 389 2376 nullo
417 2319 503 2376 modo
529 2336 651 2394 possem.
701 2317 760 2374 Sed
787 2335 843 2374 nec
872 2318 923 2376 illa

127 2417 270 2474 exstincta
293 2425 376 2484 sunt;
408 2415 578 2488 alunturque
604 2413 700 2487 potius
723 2422 753 2469 et
780 2424 922 2489 augentur

127 2513 304 2590 cogitatione
318 2521 346 2568 et
365 2511 513 2568 memoria.
555 2509 603 2581 Et,
619 2509 643 2567 si
665 2509 721 2565 illis
740 2508 825 2584 plane
840 2510 923 2568 orba·

127 2620 174 2668 tus
197 2627 300 2680 essem,
325 2626 461 2683 mngnum
493 2617 590 2664 tamen
618 2607 731 2664 afferret
760 2606 831 2663 mihi
852 2617 922 2664 aetas

80 2713 112 2762 25
128 2705 191 2782 ipsa
204 2704 355 2763 solatium:
378 2703 487 2761 diutius
501 2704 579 2761 enim
590 2703 649 2779 jam
664 2702 694 2759 in
709 2703 765 2760 hoc
776 2703 923 2762 desiderio

127 2820 192 2858 esse
213 2819 272 2858 non
293 2818 418 2875 possum.
461 2797 569 2857 Omnia
591 2808 686 2858 autem
706 2799 805 2857 brevia
818 2799 924 2860 tolera·

123 2895 196 2958 biiiu
210 2915 275 2959 esse
290 2895 408 2971 debent,
422 2895 509 2954 etiam
524 2896 548 2953 si
563 2914 669 2974 magna
682 2895 747 2955 sint.
