1904 3750
12 608 16 615 ’
71 616 92 676 8
204 647 206 653 »
406 623 449 670 na
473 622 619 668 osricus.
832 626 872 688 [ι.

116 771 182 828 dem
199 771 362 848 aprincipe
383 772 467 848 hujus
488 771 579 829 aetatis
598 769 853 847 philosophorum3
874 799 876 819 ι

116 868 220 940 disces,
235 869 371 944 quamdiu
385 869 480 926 voles:
502 868 611 925 tamdiu
627 878 722 924 autem
733 866 805 924 velle
819 868 876 924 deb

115 964 169 1036 bis,
184 965 278 1039 quoad
299 975 337 1036 te,
351 975 489 1040 quantum
505 964 650 1040 proficias,
665 982 723 1020 non
744 963 875 1038 poenitebi

116 1061 175 1117 Sed
195 1070 292 1118 tamen
312 1071 411 1118 nostra
423 1060 533 1137 legens,
549 1079 608 1117 non
622 1060 744 1117 multum
760 1079 775 1117 a
789 1060 874 1135 Perip

1 1223 2 1226 Ἴ
84 1156 211 1213 ὅῑεῐίοἰε
225 1157 394 1214 dissidentia
409 1156 558 1234 (quoniam
572 1157 695 1231 utrique,
710 1167 739 1213 et
760 1156 873 1213 Socrati

115 1262 143 1309 et
165 1252 319 1325 Platonici,
335 1253 569 1332 essevolumus),
585 1253 621 1310 de
637 1254 723 1310 rebus
738 1253 807 1328 ipsis
822 1251 871 1311 ute

115 1358 165 1406 tuo
183 1349 314 1424 judicio:
337 1349 409 1406 nihil
424 1350 502 1406 enim
517 1349 659 1424 impedio:
681 1349 842 1406 orationem
857 1369 872 1407 a

115 1454 173 1501 tem
195 1445 328 1503 Latinam
348 1446 489 1521 prolecto,
510 1446 641 1522 legendis
662 1446 777 1517 nostris,
797 1446 871 1502 effici

114 1542 284 1617 pleniorem.
326 1543 392 1599 Nec
419 1561 487 1600 vero
517 1551 682 1619 arroganter
710 1543 767 1599 hoc
794 1543 871 1600 dictu

71 1643 101 1692 10
116 1639 272 1696 existimari
287 1640 380 1696 velim.
421 1639 498 1721 Nam
516 1639 738 1714 philosophandi
753 1638 870 1695 scientia

85 1754 88 1759 ·
116 1736 280 1793 concedens
301 1735 415 1805 multis3
444 1734 520 1810 quod
540 1746 584 1792 est
604 1736 726 1792 oratoris
745 1735 870 1811 propriur

117 1841 191 1906 apte,
207 1830 352 1902 distincte,
368 1841 524 1906 ornateque
544 1831 652 1901 dic—cre,
667 1831 801 1906 quoniam
823 1830 869 1886 in«

116 1927 212 1984 studio
224 1937 336 1984 aetatcm
349 1927 524 2003 consumpsi,
534 1927 558 1983 si
570 1927 598 1984 id
609 1928 680 1984 mihi
693 1946 816 1998 assumo,
827 1927 869 1983 vid

115 2043 148 2084 or
163 2024 192 2081 id
206 2043 271 2080 meo
283 2025 346 2099 jure
361 2024 484 2099 quodam
500 2025 587 2080 modo
601 2024 757 2081 vindicare.

71 2123 102 2172 15
155 2121 356 2181 Quamobrem
365 2139 539 2197 magnopere
548 2131 576 2178 te
585 2121 693 2192 hortor,
703 2119 863 2190 miCicero‚

116 2235 176 2275 non
188 2217 280 2274 solum
291 2217 436 2273 orationes
448 2236 536 2288 meaa,
545 2217 595 2274 sed
608 2219 660 2273 hos
668 2217 755 2273 ctiam
767 2214 803 2270 de
812 2215 867 2289 phil

118 2314 220 2389 sophid
231 2314 328 2385 libros,
338 2314 386 2388 qui
395 2314 453 2389 jam
466 2314 528 2370 illas
540 2315 598 2370 fere
609 2314 767 2388 aequarunt,
777 2312 867 2369 studio

117 2410 206 2486 legas.
247 2410 301 2467 Vis
315 2410 392 2466 enim
407 2410 524 2467 dicendi
543 2410 632 2486 major
646 2419 689 2466 est
708 2410 738 2466 in
757 2409 831 2467 illis:
854 2429 866 2466 s

117 2507 175 2564 hoc
183 2526 297 2583 quoque
307 2507 461 2563 colendum
472 2518 515 2562 est
527 2506 666 2580 aequabile
677 2516 866 2581 attemperata

71 2613 103 2664 20
119 2604 259 2661 orationis
286 2623 385 2680 genus.
427 2603 466 2660 Et
493 2603 522 2660 id
545 2602 661 2678 quidem
688 2602 797 2658 nemini
820 2602 866 2657 vid

116 2702 285 2758 Graecorum
308 2701 401 2757 adhuc
423 2700 588 2775 contigisse,
604 2708 635 2754 ut
649 2698 725 2754 idern
740 2707 860 2772 utroque

118 2816 223 2875 genere
244 2798 396 2867 laboraret,
411 2806 632 2869 sequereturque
652 2804 681 2850 et
701 2793 771 2850 illud
792 2793 865 2850 lorer

118 2893 245 2964 dicendi,
260 2903 289 2950 et
310 2894 366 2949 hoc
386 2892 514 2967 quietum
535 2890 698 2965 disputandi
720 2908 826 2966 genus3
848 2910 865 2946 n

119 2990 191 3047 forte
210 2990 374 3046 Demetrius
387 2989 544 3046 Phalereus
558 2987 588 3043 in
602 2988 657 3044 hoo
671 3005 791 3042 numero
806 2987 864 3043 hah

72 3107 105 3157 25
118 3095 221 3160 potest,
243 3086 401 3161 disputator
429 3084 550 3155 subtilis,
572 3093 666 3141 orator
693 3101 794 3158 parurn
821 3084 864 3140 vel

119 3200 218 3252 mens3
249 3183 342 3239 dulcis
365 3194 479 3251 tamen;
511 3190 542 3236 ut
563 3179 756 3253 Theophrasti
781 3179 864 3255 discip

118 3278 178 3335 lum
196 3279 288 3354 possis
310 3297 473 3355 agnoscere.
514 3277 579 3334 Nos
600 3286 693 3333 autem
715 3286 854 3351 quantum

104 3381 231 3447 utroque
261 3375 489 3451 profecerimus,
524 3374 644 3435 aliorum
677 3374 715 3432 sit
745 3373 863 3452 judiciur
