1904 3750
64 269 104 329 7⁰
283 282 421 342 nnuma,
438 282 513 328 srva
531 281 575 328 nn
592 280 751 328 amorum.

149 430 344 508 Quapropter,
353 450 370 488 a
379 431 482 488 natura
492 430 563 488 mihi
575 431 685 487 videtur
696 429 800 506 potius,
810 446 898 503 quam

112 527 148 583 ab
159 527 329 604 indigentia,
341 537 404 584 orta
414 527 551 598 amicitia,
562 536 591 582 et
603 526 794 602 applicatione
805 524 899 600 magis

113 624 200 681 animi
215 643 281 680 cum
296 624 421 698 quodam
435 641 521 680 sensu
543 623 667 694 amandi,
684 641 770 697 quam
791 621 900 697 cogita·

111 719 199 790 tione,
215 729 353 794 quantum
375 719 424 775 illa
444 738 489 775 res
510 718 643 775 utilitatis
663 728 739 774 esset
757 717 898 774 habitura

80 831 97 879 5
111 815 202 876 Quod
223 815 338 889 quidem
353 816 437 889 quale
451 816 497 886 sit,
513 815 600 871 etiam
621 815 651 870 in
671 814 771 870 bestiis
785 813 901 888 quibus-

112 911 179 968 dam
204 912 389 968 animadverti
414 922 530 987 potest;
562 929 625 985 quae
646 929 682 966 ex
702 930 733 966 se
754 920 837 967 natos
862 909 902 965 ita

113 1018 210 1065 amant
225 1008 260 1065 ad
275 1008 418 1083 quoddam
429 1018 551 1083 tempus,
562 1019 592 1064 ot
606 1007 641 1065 ab
655 1007 698 1064 eis
708 1007 747 1064 ita
759 1016 900 1077 amantur,

113 1114 145 1160 ut
160 1105 244 1162 facile
259 1124 357 1162 earum
372 1123 473 1161 sensus
488 1114 621 1180 appareat
636 1123 643 1160 τ
665 1103 751 1178 quod,
768 1103 796 1159 in
812 1102 902 1159 homi-

113 1219 163 1272 ne,
172 1202 263 1258 multo
277 1211 320 1258 est
331 1201 506 1257 evidentius:
525 1200 660 1275 primum,
672 1218 707 1254 ex
721 1199 756 1255 erl
771 1198 901 1269 caritate,

68 1313 99 1362 10
115 1315 178 1372 quae
192 1308 235 1354 est
250 1297 324 1354 inter
338 1307 421 1354 natos
434 1308 463 1352 et
477 1305 629 1371 parentes3
652 1313 715 1369 quar
729 1294 835 1365 dirimi,
847 1293 902 1350 nisi

48 1392 51 1397 ’
115 1393 277 1451 detestabili
288 1393 407 1464 scelere,
418 1411 477 1449 non
488 1401 596 1468 potest:
618 1391 733 1461 deinde,
745 1408 811 1447 cum
826 1389 904 1446 simi·

115 1490 152 1546 lis
165 1508 265 1546 sensus
279 1489 388 1546 exstitit
403 1489 517 1559 amoris,
530 1488 554 1544 si
569 1488 693 1562 aliquem
703 1487 782 1544 nacti
793 1505 902 1557 sumus,

116 1586 197 1660 cujus
213 1603 279 1641 cum
293 1585 421 1641 moribus
441 1594 471 1640 et
491 1584 593 1640 natura
608 1602 810 1659 congruamus,
826 1582 904 1656 quod

116 1681 145 1736 in
166 1698 201 1736 eo
222 1680 302 1753 quasi
323 1679 420 1735 lumen
441 1679 555 1753 aliquod
570 1679 721 1753 probitatis
741 1690 770 1734 et
791 1678 905 1735 virtutis

69 1793 100 1844 15
115 1776 278 1851 perspicere
292 1775 449 1833 videamur.

155 1871 237 1928 Nihil
258 1881 302 1928 est
322 1872 399 1928 enim
421 1872 571 1928 amabilius
585 1872 707 1942 virtute;
729 1871 812 1941 nihil,
828 1870 905 1945 quod

116 1969 208 2045 magis
223 1969 330 2025 alliciat
345 1968 380 2025 ad
395 1968 589 2044 diligendum:
611 1970 715 2044 quippe
731 1987 807 2037 cum,
821 1987 906 2042 prop-

117 2077 160 2124 ter
175 2065 308 2122 virtutem
327 2075 356 2121 et
373 2065 555 2140 probitatem,
571 2083 621 2120 eos
635 2064 731 2134 etiam,
747 2082 819 2137 quos
833 2083 907 2120 nun·

118 2182 203 2238 quam
223 2161 357 2232 vidimuS,
372 2161 496 2235 quodam
519 2160 605 2217 modo
626 2160 787 2235 diligamus.
828 2159 907 2220 Quis

71 2269 102 2318 20
118 2270 171 2330 est,
187 2260 235 2333 qui
255 2260 289 2316 C.
306 2258 444 2328 Fabricii,
460 2256 500 2312 Μ’
517 2257 608 2327 Curii,
624 2275 681 2313 nou
701 2274 766 2312 cum
786 2257 907 2313 caritate

120 2355 215 2429 aliqua
236 2364 264 2411 et
285 2353 486 2411 benevolentia
508 2353 674 2409 memoriam
692 2361 818 2426 usurpet,
834 2371 907 2426 quos

118 2470 265 2525 nunquam
280 2450 402 2507 videritl
442 2449 521 2510 Quis
542 2458 637 2504 autem
652 2458 705 2518 est,
720 2448 769 2521 qui
783 2447 909 2522 Tarqui-

37 2623 40 2627 ,
119 2546 199 2604 nium
221 2546 392 2619 Superbum,
408 2543 456 2617 qui
476 2544 525 2617 Sp.
542 2542 685 2613 Cassium,
701 2543 749 2617 Sp.
766 2542 907 2615 Maelium,

119 2662 178 2700 non
200 2641 314 2698 oderitl
356 2640 430 2697 Cum
452 2639 565 2695 duobus
586 2638 709 2695 ducibus
730 2639 765 2696 de
787 2640 908 2714 imperio

72 2739 157 2806 25‘in
171 2737 256 2794 Italia
277 2737 455 2792 decertatum
473 2745 526 2805 est,
542 2735 651 2809 Pyrrho
672 2745 701 2791 et
723 2734 907 2792 Hannibale:

108 2834 280 2912 .ab.‚,altero,
304 2843 419 2907 propter
443 2831 614 2906 probitatem
639 2831 711 2906 ejus,
736 2849 793 2886 non
821 2830 909 2888 nimis

118 2917 230 3001 alienos
250 2930 360 2988 animos
379 2929 535 2989 habemus:
558 2927 688 2997 alterum,
707 2936 822 3002 propter
844 2944 909 2984 cru·

107 3025 275 3105 delitatem,
292 3047 410 3109 semper
423 3027 491 3089 brec
505 3024 608 3086 ciuitas
619 3021 720 3081 oderit
