1904 3750
56 239 126 302 nt]
358 242 402 291 nn
420 245 566 293 ormcns.
861 234 902 296 οἱ

56 400 99 448 est
119 409 234 464 eorum,
249 393 310 468 qui,
327 402 378 450 aut
395 395 563 452 excellentis
582 393 692 472 ingenii
711 393 855 472 magnitu-
882 464 889 473 ε

58 487 135 560 dine,
158 500 210 546 aut
236 491 380 565 praeclard
406 491 569 548 eruditione
598 501 681 565 atque
708 490 852 564 doctrine,

60 596 106 642 eut
120 586 245 661 utrique
259 606 291 644 re
306 588 413 659 ornati,
424 589 547 663 spatium
558 588 736 645 deliberandi
748 588 854 645 habue-

59 693 132 752 runt,
145 701 232 756 quem
243 683 426 758 potissimum
437 685 500 741 vitae
512 702 628 743 cursum
639 684 719 760 sequi
730 684 853 742 vellent:

60 777 157 854 inqud
173 780 397 852 deliberatione,
413 781 448 838 ad
462 776 543 838 suam
558 782 697 858 cujusque
717 792 852 839 naturam
867 788 885 837 5

60 875 213 933 consilium
228 887 273 933 est
287 895 375 933 omne
389 878 588 940 revocandum.
628 877 659 935 N
662 897 717 950 am,
732 897 809 949 cum,
822 877 852 934 in

60 973 192 1029 omnibus
206 992 272 1046 quae
288 983 422 1049 aguntur,
437 993 473 1032 ex
494 993 530 1031 eo
551 973 639 1030 modo
656 993 714 1048 quo
730 975 853 1049 quisque

60 1079 211 1140 natusest,
229 1068 277 1145 (ut
298 1070 508 1144 supradictum
523 1072 581 1149 est)
597 1069 665 1144 quid
679 1070 791 1141 deceat,
805 1089 854 1129 ex·

61 1166 215 1238 quirimus3
237 1176 301 1223 tum
325 1166 354 1222 in
374 1167 436 1223 tote
457 1167 516 1224 vitri
533 1165 746 1235 constituendi,
761 1165 853 1222 multo

59 1273 99 1318 eat
118 1281 193 1320 cura
214 1262 307 1338 major
331 1261 501 1334 adhibenda,
523 1273 555 1320 ut
577 1271 711 1318 constare
733 1261 763 1317 in
787 1260 851 1317 vitae
867 1271 898 1320 10

60 1359 251 1434 perpetuitate
265 1358 410 1433 possimus
424 1359 568 1416 nobismet
582 1357 662 1433 ipsis,
677 1375 734 1414 nec
748 1356 778 1413 in
792 1356 852 1414 ullo

59 1455 152 1512 officio
167 1455 346 1513 claudicare.

95 1550 144 1606 Ad
167 1551 244 1607 hano
267 1560 365 1608 autem
379 1551 532 1622 rationem,
546 1550 683 1625 quoniam
697 1549 851 1608 maximam

60 1646 113 1702 vim
133 1656 240 1704 natura
260 1646 360 1717 habet,
376 1646 491 1704 fortuna
507 1647 680 1723 proximam3
702 1648 851 1721 utriusque

60 1743 176 1800 omnino
197 1743 274 1800 ratio
299 1741 433 1800 habenda
455 1753 500 1800 est
520 1743 551 1800 in
572 1743 724 1820 deligendo
744 1763 851 1821 genere
867 1745 897 1797 15

62 1838 137 1909 ritae3
160 1839 212 1895 sed
234 1847 346 1895 nature
365 1838 471 1914 magis:
494 1839 585 1896 multo
604 1840 681 1897 enim
697 1851 726 1898 et
742 1840 851 1898 firmior

61 1944 109 2006 eat,
124 1945 154 1992 et
168 1933 351 1992 constantior
363 1953 370 2003 ;
392 1945 423 1991 ut
437 1935 552 2010 fortuna
561 1955 778 2012 nonnunquam,
789 1947 852 1994 tan-

61 2049 143 2104 quam
163 2032 226 2107 ipsa
244 2030 385 2101 mortalis,
400 2050 467 2088 cum
487 2033 640 2090 immortali
657 2034 760 2091 naturti
780 2051 852 2108 pug-

61 2145 125 2185 nare
147 2127 290 2185 videatur.
331 2126 395 2187 Qui
417 2128 504 2204 igitur
527 2129 562 2186 ad
586 2141 695 2186 nature
713 2148 772 2185 anae
790 2146 850 2184 non

60 2224 166 2282 vitrosae
181 2242 278 2301 genua
290 2223 443 2281 consilium
458 2224 573 2281 vivendi
586 2242 672 2282 omne
686 2223 850 2294 contulerit,
866 2230 898 2280 2⁰

61 2319 296 2380 inconstantiam
316 2330 413 2377 teneat
428 2320 470 2396 (id
493 2320 571 2376 enim
595 2320 719 2376 maxime
741 2318 850 2396 decet),

60 2416 112 2474 nisi
138 2416 213 2475 sorte
242 2433 274 2472 ee
302 2415 476 2484 intellexerit
505 2416 617 2473 errdsse
642 2415 672 2472 in
696 2413 851 2491 deligendo

59 2531 163 2588 genere
186 2513 261 2570 vitae.
302 2512 439 2573 Quodsi
463 2511 603 2570 acciderit
626 2511 733 2588 (potest
756 2518 852 2566 autem

60 2610 219 2689 accidere),
234 2609 370 2666 facienda
383 2628 497 2666 morum
519 2608 773 2682 institutorumque
791 2623 855 2662 mu·

58 2707 127 2764 tatio
151 2716 205 2763 eet.
247 2705 323 2762 Eam
344 2705 544 2776 mutationem,
567 2705 592 2762 si
618 2716 750 2780 tempora
774 2704 852 2781 adju·
865 2711 899 2761 25

56 2803 175 2874 tabunt,
205 2801 320 2859 facilius
351 2801 587 2875 commodiusque
618 2800 777 2859 faciemust
806 2802 871 2860 sin¹

57 2898 166 2970 minus,
189 2897 299 2956 sensim
317 2897 373 2955 erit
392 2898 627 2973 pedetentimque
648 2896 798 2969 facienda3
819 2907 852 2957 at

56 2995 209 3067 amicitias,
231 3012 297 3071 que
316 2993 416 3058 minua
443 2995 606 3074 delectent,
624 3005 658 3062 et
677 2995 783 3061 minua
798 3014 871 3076 pao
