1904 3750
56 251 133 314 un]
358 247 402 294 nu
423 248 568 294 Orneus.
848 235 905 294 119

57 403 152 475 tiores,
168 402 207 460 ad
230 402 312 458 bene
335 398 371 456 de
393 398 490 457 multis
510 398 740 474 promerendum.
782 397 857 456 Prae·

59 500 133 556 olare
147 496 278 574 epistold
293 495 419 570 quadam
433 495 630 552 Alexandrum
645 495 733 552 lilium
749 494 856 570 Philip·

58 615 109 671 pus
120 603 255 665 aoousat,
265 591 346 667 quod
357 590 509 668 largitione
519 591 745 650 benevolentiam
757 591 855 649 Mace·

59 691 167 748 donum
180 697 378 746 consectetur.
415 688 517 750 “Quae
529 698 557 744 te
569 688 739 767 (malum!)''
753 687 853 763 inquit,

59 787 160 844 “ratio
184 787 215 843 in
239 786 325 843 istam
348 803 426 859 spem
443 785 564 856 induxit,
579 795 611 843 ut
625 803 675 842 eos
689 785 741 842 tibi
756 786 854 843 fideles
868 790 885 838 5

58 895 177 959 putares
199 882 271 952 fore,
287 899 361 956 quos
380 881 505 956 pecuniri
524 882 718 958 corrupisses?
759 882 807 939 An
822 892 854 940 tu
902 937 906 943 .

59 980 87 1037 id
109 979 185 1056 agis,
200 986 233 1034 ut
256 976 445 1048 Macedones,
460 996 519 1034 non
533 987 562 1034 te
575 996 673 1053 regem
694 997 787 1049 suurn,
802 978 853 1035 sed

59 1076 226 1133 ministrum
240 1084 270 1130 et
283 1072 475 1148 praebitorem,
490 1082 604 1149 sperent
627 1072 730 1128 sorel’'
773 1074 853 1130 Bene

59 1173 224 1229 ministrum
248 1179 277 1226 et
302 1169 493 1244 praebitorem,
516 1170 584 1245 quia
605 1168 752 1225 sordidum
772 1170 851 1245 regi3

58 1268 163 1325 melius
177 1267 275 1337 etiam,
292 1266 369 1339 quod
387 1266 569 1343 largitionem
584 1264 775 1340 corruptelam
790 1285 852 1322 esse
869 1271 899 1320 10

59 1364 139 1421 dixit.
184 1363 233 1420 Fit
253 1361 334 1419 enim
355 1361 487 1434 deterior,
503 1362 551 1437 qui
573 1362 688 1437 accipit,
711 1372 795 1436 atque
817 1362 852 1418 ad

61 1459 135 1517 idern
159 1478 272 1534 semper
296 1459 518 1533 exspectandum
539 1459 673 1535 paratior.
715 1458 783 1516 Hoo
804 1458 852 1516 ille

61 1557 130 1614 filio:
152 1556 204 1613 sed
219 1563 395 1630 praeceptum
410 1565 543 1630 putemus
557 1555 699 1613 omnibus.
740 1557 852 1619 Quam·

61 1654 159 1710 obrem
186 1652 217 1709 id
245 1650 362 1726 quidem
389 1670 447 1707 non
481 1651 599 1709 dubium
626 1664 678 1724 est,
705 1654 773 1729 quin
802 1654 851 1711 ille

61 1749 234 1826 benignitas,
250 1765 316 1820 quae
337 1755 450 1803 constet
463 1766 499 1802 ex
512 1737 599 1822 operia
613 1759 643 1805 et
657 1749 807 1821 industrii,
822 1760 851 1807 et
867 1755 897 1802 15

62 1845 207 1903 honestior
229 1845 277 1914 sit,
293 1851 322 1899 et
342 1842 428 1900 latius
450 1855 555 1919 pateat,
570 1854 599 1901 et
612 1846 701 1921 possit
714 1847 851 1922 prodesse

61 1942 197 2016 pluribus.
532 1941 533 1944 ¹

97 2038 319 2110 Nonnunquam
341 2044 436 2093 tamen
450 2047 493 2094 est
506 2037 703 2113 largiendum;
725 2057 781 2095 nec
795 2038 851 2096 hoo

62 2133 249 2211 benignitatis
270 2150 362 2208 genus
382 2133 501 2189 omniuo
520 2132 726 2208 repudiandum
741 2143 800 2200 est;
822 2144 851 2189 et

63 2248 132 2305 saepe
147 2228 261 2286 idoneis
283 2226 446 2284 hominibus
467 2227 663 2304 indigentibus
676 2229 712 2284 de
726 2246 757 2283 re
772 2228 851 2285 sami·
865 2233 897 2282 20

63 2324 123 2383 li'ari
144 2322 385 2401 impertiendum
408 2324 457 2380 sed
477 2324 638 2400 diligenter,
655 2334 739 2398 atque
754 2324 851 2380 mode-

63 2433 129 2478 rate.
173 2420 261 2478 Multi
283 2418 359 2476 enim
379 2420 551 2495 patrimonia
564 2420 736 2491 effuderunt,
751 2420 851 2477 incon·

63 2518 134 2575 sulte
148 2516 310 2594 largiendo.
351 2516 434 2578 Quid
451 2528 545 2573 autern
561 2528 603 2573 est
617 2517 740 2587 stultius,
755 2535 850 2591 quam,

63 2615 137 2688 quod
158 2615 283 2671 libenter
305 2612 403 2683 facias,
419 2632 529 2684 curare,
545 2624 577 2670 ut
591 2613 618 2671 id
633 2613 741 2670 diutius
755 2613 851 2670 facere

62 2730 119 2768 non
133 2711 248 2786 possisl
290 2708 388 2783 Atque
399 2710 484 2766 etiam
499 2721 657 2784 sequuntur
671 2710 850 2786 largitionem
865 2722 897 2771 ab

62 2808 176 2883 rapinae.
232 2806 307 2864 Cum
342 2805 419 2862 enim
453 2806 548 2863 dando
582 2825 667 2882 egere
701 2806 850 2881 ooeperint,

63 2905 164 2962 alienis
178 2903 263 2961 bonis
277 2921 381 2959 manus
396 2902 495 2959 afferre
510 2913 660 2980 coguntur.
702 2903 759 2975 Ita,
772 2922 855 2975 oum,

62 3000 266 3059 benevolentia
295 3000 500 3078 comparandae
526 2992 786 3080 oausb,.beneboi
807 3019 879 3065 esse
