1904 3750
70 194 130 255 200
404 203 447 250 nn
471 201 616 249 oramus.
810 194 904 259 [unc

119 351 155 410 de
175 351 304 428 captivis,
325 351 400 426 quod
421 351 475 426 ipsi
496 367 567 426 opus
588 368 651 406 esse
671 347 823 418 videretur,
844 365 904 404 non

118 449 195 523 quod
215 448 390 524 reipublicae,
405 448 574 518 censuisset,
590 456 638 504 aut
659 445 735 502 domi
755 462 905 501 remanere

118 545 267 624 voluisset)
292 563 351 601 non
375 562 438 602 esse
462 543 553 615 utilia,
577 543 645 619 quia
668 542 725 599 sint
752 539 905 618 flagitiosa,

118 640 203 713 teda,
218 640 320 716 turpia.

86 848 103 897 5
157 831 304 890 XXXIII.
332 830 437 889 Restat
463 840 564 906 quarta
596 847 672 906 pars,
698 848 761 905 quae
788 829 905 902 decore,

119 927 327 1000 moderatione,
352 928 503 998 modestid,
529 925 718 996 continentiis,
746 936 907 1000 temperan-

119 1025 171 1095 tit,
192 1025 364 1082 continetur.
421 1023 520 1081 Potest
546 1023 634 1100 igitur
661 1023 815 1098 quidquam
842 1039 906 1078 esse

119 1120 199 1193 utile,
214 1121 289 1196 quod
311 1121 348 1177 sit
369 1120 437 1176 huic
457 1120 556 1177 talium
571 1119 707 1176 virtutum
728 1119 818 1174 choro
838 1136 907 1174 con·

119 1218 259 1274 trariuml
299 1217 389 1291 Atqui
411 1217 446 1273 ab
466 1216 614 1291 Aristippo
635 1214 799 1290 Cyrenaici,
821 1224 906 1288 atque

73 1322 104 1372 10
120 1313 283 1385 Annicerii,
298 1311 460 1387 philosophi
480 1311 631 1382 nominati,
647 1329 732 1367 omne
752 1310 860 1366 bonum
875 1309 906 1366 in

120 1409 264 1483 voluptate
282 1417 454 1482 posuerunt;
477 1406 666 1481 virtutemque
680 1415 854 1463 censuerunt
868 1406 906 1462 ob

119 1521 183 1559 eam
205 1521 263 1559 rem
285 1521 347 1559 esse
369 1502 552 1573 laudandam,
574 1503 649 1576 quod
676 1500 804 1558 efficiens
831 1511 907 1557 esset

120 1597 278 1672 voluptatis.
332 1597 450 1658 Quibus
477 1598 623 1668 obsoletis,
646 1596 727 1654 floret
751 1596 905 1672 Epicurus,

120 1693 247 1768 ejusdem
262 1693 321 1750 fere
337 1694 446 1768 adjutor
462 1704 617 1768 auctorque
631 1693 788 1750 sententiae.
830 1693 906 1750 Cum

74 1801 105 1850 15
121 1789 174 1860 his,
202 1789 270 1845 viris
298 1790 445 1864 equisque,
474 1801 505 1846 ut
532 1789 647 1859 dicitur,
676 1790 699 1846 si
727 1789 906 1846 honestatem

120 1884 195 1942 tueri
211 1904 244 1941 ac
259 1887 382 1943 retinere
403 1886 545 1942 sententia
565 1901 618 1957 est,
633 1886 838 1942 decertandum
854 1896 905 1943 est.

121 1981 208 2052 Nam,
223 1982 247 2038 si
262 2001 320 2038 non
335 1983 420 2039 modo
436 1983 551 2053 utilitas,
567 1983 616 2038 sed
631 1982 689 2039 vita
705 1984 798 2038 omnis
813 1983 905 2053 beata,

122 2079 250 2154 corporis
271 2079 352 2135 firmia
367 2079 580 2144 constitutione,
596 2078 713 2154 ejusque
728 2079 907 2134 constitutio-

122 2177 167 2231 nis
181 2194 230 2250 spe
244 2176 401 2250 explorati,
418 2174 463 2251 (ut
478 2195 494 2231 a
508 2173 675 2231 Metrodoro
697 2175 833 2249 scriptum
849 2176 905 2254 est)

74 2282 105 2330 20
122 2271 301 2340 continetur;
324 2282 401 2328 certe
423 2272 484 2327 haec
505 2271 621 2340 utilitas
643 2271 808 2344 etquidem
833 2289 908 2326 sum·

121 2385 177 2435 ma,
194 2365 249 2442 (sic
270 2367 346 2423 enim
369 2368 500 2443 censent)
517 2386 582 2422 cum
597 2366 744 2424 honestate
758 2367 906 2442 pugnabit.

121 2461 208 2532 Nam,
224 2462 272 2518 ubi
287 2463 408 2537 primum
430 2462 588 2537 prudentiae
608 2462 691 2518 locus
705 2463 839 2520 dabiturl
862 2482 907 2533 an,

121 2569 153 2614 ut
174 2559 324 2633 conquirat
344 2559 470 2632 undique
491 2559 664 2615 suavitatesl
703 2557 801 2618 Quam
822 2559 909 2616 miser

122 2655 233 2711 virtutis
255 2654 417 2724 famulatus,
439 2655 588 2711 servientis
608 2654 762 2728 voluptati!
817 2654 908 2716 Quod

75 2762 107 2810 25
124 2760 217 2807 autem
233 2770 336 2806 munus
349 2751 529 2824 prudentiael
550 2747 585 2806 an
600 2748 696 2825 legere
715 2749 909 2825 intelligenter

115 2845 301 2921 voluptates?
342 2846 402 2904 Fac
417 2846 487 2902 nihil
503 2847 557 2904 isto
570 2863 632 2902 esse
643 2845 817 2920 jucundius3
839 2846 909 2920 quid

100 2940 234 3015 cogitari
248 2955 352 3024 potest
364 2943 498 3024 turpiusl
540 2942 618 3015 lam,
629 2939 678 3017 qui
691 2940 819 3000 dolorem
833 2959 910 2999 sum·

37 3218 86 3252 A
210 3226 243 3252 n.
