1904 3750
62 276 101 335 14
352 283 441 330 orno
461 281 578 339 oraton,
599 281 662 328 sno

108 435 198 507 bella;
221 438 303 512 cujus
325 454 457 493 sermone
485 434 527 491 ita
552 443 615 490 tum
639 430 745 508 cupide
772 429 898 503 fruebar,

108 533 189 608 quasi
215 534 275 610 jam
299 533 458 589 divinarem
482 532 522 603 id,
547 531 624 607 quod
649 529 754 602 evenit,
777 528 828 586 illo
852 548 899 587 ex·

107 630 210 701 tincto,
226 630 295 711 fore,
311 629 388 686 unde
402 629 555 701 discerem,
570 627 725 686 neminem.

147 823 182 880 V.
224 822 376 884 Quorsum
391 823 478 899 igitur
499 823 562 880 haec
576 832 636 879 tam
650 822 742 879 multa
754 822 791 880 de
806 820 898 879 Maxi·

75 933 92 981 5
108 922 174 977 mot
196 921 264 995 quia
280 921 412 997 profecto
426 920 530 977 videtis
550 920 632 976 nefas
656 938 718 976 esse
740 919 831 991 dictu,
847 918 898 975 mi·

55 999 56 1005 ,
108 1036 201 1074 seram
236 1017 324 1075 fuisse
357 1018 444 1075 talem
472 1026 659 1073 senectutem.
701 1015 768 1073 Nec
801 1026 897 1073 tamen

108 1132 209 1172 omnes
229 1124 351 1190 possunt
372 1133 436 1171 esse
458 1113 622 1189 Scipiones,
647 1122 695 1170 aut
717 1111 849 1184 Maximi,
867 1122 898 1170 ut

108 1211 225 1268 urbium
253 1211 490 1287 expugnationes,
515 1219 547 1266 ut
573 1210 720 1285 pedestres
748 1210 898 1267 navalesve

107 1327 229 1384 pugnas,
242 1319 274 1365 ut
288 1308 363 1364 bella
378 1327 394 1364 a
408 1326 438 1364 se
453 1317 543 1383 gesta,
558 1306 788 1382 triumphosque,
803 1325 899 1364 recor-

61 1405 92 1453 10
109 1405 221 1462 dentur.
264 1404 317 1461 Est
330 1405 417 1461 etiam
432 1403 529 1478 quiete
554 1413 582 1460 et
601 1421 684 1478 pure,
700 1412 729 1460 et
751 1403 899 1479 eleganter

109 1510 180 1557 actae
202 1499 293 1556 aetatis
316 1499 431 1574 placida
455 1518 489 1557 ac
513 1498 586 1555 lenis
610 1507 755 1569 senectus,
785 1499 899 1573 qualem

109 1596 275 1670 accepimus
289 1595 428 1666 Platonis,
440 1595 500 1670 qui,
512 1613 572 1652 uno
582 1604 612 1652 et
619 1595 799 1671 'octogesimo
812 1614 897 1667 anno,

109 1692 238 1748 scribens
251 1702 381 1748 mortuus
395 1703 454 1761 est;
477 1692 590 1767 qualem
605 1691 752 1763 Isocratis,
769 1692 817 1766 qui
832 1711 899 1749 eum

107 1787 222 1859 librum,
235 1788 284 1862 qui
300 1789 589 1846 “Panathenaicus''
606 1788 783 1861 inscribitur,
800 1799 900 1864 quarto

62 1895 93 1945 15
108 1894 137 1941 et
151 1885 340 1961 nonagesimo
363 1905 438 1942 anno
460 1885 610 1961 scripsisse
625 1905 656 1942 se
670 1885 755 1955 dicit;
771 1885 898 1960 vixitque

108 1981 338 2056 quinquennium
351 1992 466 2058 postea:
482 1982 565 2056 cujus
579 1982 716 2058 magister
727 1981 899 2053 Leontinus,

108 2079 233 2155 Gorgias
265 2089 382 2136 centum
409 2090 439 2134 et
467 2089 577 2153 septem
606 2079 763 2154 complevit
792 2098 899 2147 annos;

109 2195 204 2250 neque
227 2195 355 2250 unquam
381 2175 409 2231 in
432 2193 485 2230 suo
509 2174 606 2231 studio
633 2185 716 2250 atque
740 2194 826 2251 opere
842 2195 901 2232 ces·

110 2273 199 2329 savit:
221 2273 280 2347 qui,
306 2292 373 2329 cum
395 2290 487 2329 exeo
510 2283 695 2345 quaereretur,
718 2292 770 2328 cur
791 2272 900 2328 tamdiu

63 2370 196 2426 novellet
219 2389 282 2426 esse
311 2369 340 2425 in
368 2369 444 2437 vitiu
503 2374 521 2399 ‘⁶
532 2367 614 2424 Nihil
644 2369 766 2439 habeo,''
797 2367 899 2441 inquit,

112 2467 218 2540 “quod
246 2466 376 2522 incusem
405 2467 613 2521 senectutem.”
655 2464 830 2521 Praeclarum
859 2481 901 2518 re-

112 2582 259 2638 sponsum,
274 2572 303 2618 ct
325 2562 412 2617 docto
435 2561 552 2617 homine
568 2561 704 2637 dignum!
748 2561 809 2617 Sua
822 2559 900 2615 enim

111 2659 182 2715 vitia
196 2658 374 2733 insipientes,
389 2667 417 2714 et
432 2676 512 2713 suam
528 2657 654 2732 culpam,
670 2657 699 2712 in
721 2665 901 2713 senectutem

113 2755 282 2811 conserunt:
306 2754 382 2828 quod
407 2772 465 2810 non
493 2753 619 2811 faciebat
646 2753 680 2824 is,
704 2753 787 2828 cujus
815 2751 902 2808 modo

66 2844 98 2893 2⁵
113 2852 290 2907 mentionem
305 2851 371 2921 feci,
387 2849 517 2920 Ennius3

176 2983 194 3010 “
202 2980 277 3031 Sicut
285 2981 357 3031 sortis
368 2997 458 3046 equus,
465 2980 544 3045 spatio
555 2980 598 3044 qui
608 2994 674 3042 supe
685 2994 803 3042 supremo

199 3064 271 3117 Vicit
284 3066 419 3135 Olympio,
429 3081 503 3118 nunc
513 3063 586 3116 semo
594 3059 716 3113 coniectu
728 3059 852 3122 quiesco?
