1904 3750
52 251 114 310 aa]
353 243 400 291 mr
418 243 563 292 osricus.
858 232 898 291 47

53 403 106 451 tem
122 394 261 460 afferunt,
273 391 322 467 qui
336 392 429 469 togati
443 391 608 469 reipublice
618 403 753 469 praesunt,
763 409 850 468 quam

53 493 97 566 qui
111 492 224 549 bellum
236 500 350 567 gerunt.
393 489 505 564 Itaque,
517 510 616 548 eorum
628 490 751 547 consilio
762 509 848 567 saepe,

55 601 181 646 autnon
204 598 351 663 suscepta,
369 596 418 643 aut
438 587 572 645 confecta
593 587 669 644 bella
688 597 764 659 sunt,
780 582 859 645 non?
878 580 879 583 ¹

55 704 202 760 nunquam
223 684 311 741 etiam
333 683 431 754 illata;
460 693 500 755 ut,
523 683 564 741 M.
589 684 717 756 Catonia,
742 685 849 741 bellum

55 783 170 838 tertium
193 781 358 850 Punicum;
391 779 421 836 iu
444 799 501 854 quo
523 781 608 838 etiam
631 781 737 837 mortui
761 781 882 838 valuit5

57 878 223 936 auctoritas.
265 876 370 938 Quare
390 877 550 952 expetenda
569 878 686 953 quidem
700 877 792 954 magis
806 887 851 934 est

57 973 233 1032 decernendi
244 973 329 1044 ratio,
341 991 426 1048 quam
441 973 609 1029 decertandi
624 972 777 1041 fortitudo:
799 974 851 1030 sed

59 1071 228 1141 cavendum,
243 1089 281 1126 ne
296 1069 326 1126 id
341 1069 468 1126 bellandi
482 1069 573 1146 magis
587 1069 665 1145 fuga,
677 1088 761 1144 quam
776 1069 852 1126 utili·

58 1168 120 1224 tatis
135 1167 260 1237 ratione,
276 1165 426 1223 faciamus.

94 1263 212 1320 Bellum
235 1274 331 1319 autem
356 1261 396 1318 ita
417 1261 599 1338 suscipiatur,
615 1271 647 1318 ut
668 1261 739 1318 nihil
765 1259 852 1332 aliud,
868 1268 899 1317 10

60 1360 110 1416 uisi
131 1379 190 1436 pax
212 1359 335 1434 quaesita
353 1358 492 1415 videatur.
533 1359 631 1415 Fortis
652 1377 721 1414 vero
742 1367 771 1414 et
786 1375 854 1413 con-

61 1457 158 1513 stantis
179 1464 233 1525 est,
249 1473 309 1510 non
329 1453 492 1529 perturbari
514 1455 544 1511 in
564 1455 649 1511 rebus
665 1454 782 1530 asperis,
797 1472 853 1511 nec

60 1553 283 1608 tumultuantem
308 1550 346 1607 de
370 1551 461 1627 gradu
485 1551 582 1627 dejici,
604 1561 635 1608 ut
655 1551 779 1621 dicitur;
802 1551 853 1634 sed

61 1649 208 1723 praesentis
224 1647 314 1705 animi
329 1647 372 1703 uti
387 1647 520 1718 consilio,
534 1667 591 1704 nec
606 1667 622 1704 a
635 1648 747 1705 ratione
762 1647 853 1705 disce-

63 1746 133 1803 dere.
175 1745 358 1819 Quanquam
373 1744 430 1800 hoc
445 1744 542 1816 animi,
558 1745 628 1801 illud
643 1746 729 1803 etiam
744 1745 853 1822 ingenii
869 1755 899 1804 15

63 1843 155 1920 magni
176 1852 231 1914 est,
250 1840 410 1917 praecipcre
431 1841 606 1917 cogitatione
628 1841 733 1914 futura,
755 1852 784 1899 et
805 1842 855 1899 ali·

63 1950 165 2014 quanto
181 1949 249 1996 ante
264 1937 455 1995 constitutere
474 1938 543 2013 quid
566 1939 699 1996 accidere
717 1939 809 2015 possit
823 1939 853 1995 in

62 2047 211 2110 utramque
239 2043 370 2110 partem3
399 2043 438 2104 et,
461 2033 529 2108 quid
552 2035 693 2110 agendum
718 2035 764 2105 ait,
788 2053 855 2090 cum

62 2132 125 2209 quid
146 2130 295 2200 evenerit3
318 2148 375 2186 nec
390 2129 580 2201 committere,
594 2140 626 2187 ut
646 2129 799 2204 aliquando
814 2128 856 2184 di-

63 2228 184 2286 cendum
207 2228 254 2298 sit,
271 2232 290 2259 “
301 2225 372 2282 Non
385 2226 545 2300 putaram.”
587 2225 661 2282 Haec
681 2235 748 2281 sunt
769 2242 856 2299 opera
871 2241 902 2290 20

62 2325 156 2402 magni
173 2323 264 2381 animi
285 2331 316 2378 et
334 2320 451 2392 excelsi,
467 2330 495 2377 et
508 2320 661 2396 prudentia
676 2319 856 2392 consilioque

63 2422 183 2480 fidentis.
227 2419 357 2476 Temere
372 2427 466 2474 autem
482 2417 512 2474 in
527 2416 590 2473 acie
601 2415 717 2486 versari,
729 2429 758 2471 et
770 2433 856 2472 manu

64 2536 126 2576 cum
142 2519 228 2575 hoste
243 2512 412 2589 confligere,
425 2512 549 2569 immane
561 2511 696 2586 quiddam
707 2521 736 2567 et
751 2509 857 2567 bellua·

64 2633 122 2671 rum
137 2613 235 2672 simile
249 2620 303 2668 est.
347 2608 416 2679 Sed,
432 2627 498 2665 cum
514 2617 627 2684 tempus
641 2607 856 2681 necessitasque

64 2711 197 2785 postulat,
210 2705 420 2765 decertandum
435 2723 522 2761 manu
534 2713 587 2775 est,
598 2715 628 2762 ct
638 2723 713 2762 mors
727 2702 856 2761 servituti
872 2713 905 2762 25

65 2805 295 2884 turpitudinique
310 2800 519 2878 anteponenda.

102 2999 219 3061 XXIV.
240 2997 289 3057 De
314 2995 479 3057 evertendis
508 3007 608 3061 autem
637 2997 877 3082 diripiendisque
