1904 3750
59 265 81 324 8
352 275 440 323 caro
463 272 581 333 usion,
605 273 669 322 ssu

105 417 184 481 enim
199 441 297 498 onere,
312 426 390 500 quod
403 424 475 482 mihi
489 434 587 482 tecum
601 441 757 481 commune
776 432 831 496 est,
847 433 898 482 aut

110 521 170 598 jam
192 521 331 598 urgentis,
356 531 404 578 aut
425 531 505 578 certe
527 520 707 578 adventantis
727 520 898 593 senectutis,

106 627 135 674 et
148 627 187 689 te,
203 627 232 674 et
245 617 387 692 meipsum
400 616 490 674 levari
504 617 588 674 volo:
610 616 665 673 etsi
683 626 713 673 te
727 615 845 691 quidem
866 616 897 674 id

106 713 221 770 modice
240 732 275 770 ac
292 713 447 788 sapienter,
463 711 553 790 (sicut
572 713 694 792 omnia)
717 721 746 770 et
766 713 852 786 ferre,
867 722 897 770 et

76 809 231 884 fivlaturum
259 828 332 881 esse,
362 820 442 866 certo
463 810 534 868 scio.
577 808 636 866 Sed
656 809 738 881 mibi,
763 828 832 867 curn
859 809 897 867 de

106 906 265 963 Senectute
280 906 387 981 aliquid
401 907 504 963 vellem
523 905 660 978 scribere,
675 915 707 962 tu
721 906 896 963 occurrebas

106 1002 212 1079 dignus
232 1022 267 1060 eo
288 1022 417 1076 munere,
441 1023 498 1079 quo
522 1013 643 1078 uterque
666 1003 797 1061 nostrum
818 1021 898 1060 com·

106 1100 232 1157 munitor
259 1110 396 1158 uteretur.
452 1098 528 1157 Mihi
555 1099 672 1175 quidem
700 1099 742 1156 ita
764 1098 897 1175 jucunda

107 1195 192 1272 hujus
212 1194 278 1254 libri
299 1196 446 1254 confectio
467 1196 530 1267 fuit,
552 1205 585 1253 ut
607 1214 666 1252 non
687 1195 774 1253 modo
795 1214 897 1253 omnes

62 1301 93 1352 10
109 1293 273 1349 absterserit
307 1293 465 1350 senectutis
498 1291 654 1363 molestias,
682 1290 733 1348 sed
767 1290 897 1348 effecerit

108 1389 224 1445 mollem
245 1389 332 1446 etiam
354 1399 383 1446 et
400 1389 560 1465 jucundam
581 1397 770 1445 senectutem.
811 1385 897 1444 Nuu-

107 1505 193 1559 quam
214 1485 302 1560 igitur
322 1485 391 1541 satis
411 1484 523 1541 laudari
540 1483 627 1560 digne
645 1483 751 1559 poterit
769 1482 896 1558 philoso-

106 1581 184 1656 phia,
207 1581 255 1637 cui
277 1580 327 1654 qui
347 1589 455 1655 pareat,
477 1598 563 1636 omne
585 1590 699 1656 tempus
721 1579 811 1638 {etatis
831 1579 895 1636 sine

106 1676 239 1732 molestiis
252 1677 343 1750 possit
363 1676 477 1752 degere.
520 1675 579 1732 Sed
598 1676 634 1733 de
648 1676 761 1734 caeteris
781 1685 810 1732 et
824 1675 896 1733 dixi·

62 1780 92 1828 15
107 1785 171 1828 mus
191 1773 291 1843 multa,
313 1783 342 1829 et
362 1791 438 1847 saepe
459 1772 608 1830 dicemus:
634 1775 712 1830 hunc
732 1773 839 1830 librum
859 1773 895 1829 de

108 1878 257 1925 senectute
279 1868 314 1925 ad
334 1878 363 1925 te
384 1869 523 1926 misimus.

146 1963 272 2021 Omnem
308 1976 403 2022 autem
442 1984 605 2022 sermonem
644 1965 799 2024 tribuimus
836 1985 895 2023 non

107 2060 248 2133 Tithono,
280 2071 312 2118 ut
343 2061 443 2118 Aristo
475 2061 576 2133 Chius,
606 2060 657 2138 (ne
686 2081 790 2137 parum
820 2071 896 2120 esset

108 2159 287 2216 auctoritatis
316 2158 345 2215 in
375 2157 497 2238 sabuli),
536 2158 586 2214 sed
616 2156 657 2214 M.
686 2157 793 2216 Catoni
822 2157 894 2230 seni,

60 2270 92 2319 20
108 2273 164 2328 quo
185 2254 323 2330 majorem
339 2254 539 2310 auctoritatem
554 2253 672 2309 haberet
687 2253 796 2323 orati0;
820 2255 895 2330 apud

106 2369 191 2424 quem
206 2349 327 2407 Laelium
342 2361 371 2407 et
386 2350 554 2425 Scipionem
573 2349 695 2406 facimus
711 2350 893 2422 admirantes,

106 2447 183 2521 quod
205 2447 228 2502 is
245 2457 304 2503 tam
325 2445 410 2503 facile
425 2456 604 2503 senectutem
623 2446 704 2517 ferat,
721 2446 813 2521 iisque
827 2464 894 2503 eum

105 2542 334 2616 respondentem.
375 2541 439 2602 Qui
463 2541 487 2598 si
511 2541 652 2598 eruditius
676 2541 818 2598 videbitur
839 2541 895 2598 dis-

104 2649 216 2714 putare,
236 2657 321 2712 quam
337 2638 487 2694 consuevit
502 2638 563 2712 ipse
580 2637 609 2694 in
631 2637 690 2694 suis
705 2636 797 2709 libris,
818 2637 896 2695 attri-

58 2749 91 2797 25
105 2736 186 2792 buito
200 2736 312 2792 Graecis
325 2735 426 2807 literis,
442 2754 563 2809 quarum
577 2744 691 2792 constat
704 2752 770 2791 eum
785 2746 896 2811 perstu-

105 2829 218 2887 diosum
240 2830 328 2888 fuisse
342 2831 372 2887 in
394 2840 551 2888 senectute.
594 2829 653 2887 Sed
674 2829 743 2904 quid
764 2849 837 2906 opus
852 2841 895 2888 est

95 2925 206 2999 ptura?
221 2927 283 3004 jam
298 2927 376 2983 enim
391 2927 481 3003 ipsius
496 2927 617 2984 Catonis
630 2944 725 2983 sermo
739 2927 896 3004 explicabit

81 3032 222 3085 nostram
237 3044 363 3086 omnem
380 3026 417 3085 de
431 3032 588 3085 senectute
599 3021 782 3080 sententiam.
