1904 3750
357 272 445 319 cauo
465 272 581 332 usion,
601 272 664 320 suu

110 426 253 490 naturam,
265 419 403 494 optimam
412 420 527 493 ducem,
537 430 683 496 tamquam
691 418 799 492 Deum,
808 417 902 496 sequi·

8 573 11 579 ,
109 531 183 585 mur,
204 514 289 589 eique
308 534 459 591 paremus:
481 517 578 592 aquai,
597 535 657 574 non
670 515 828 574 verisimile
847 525 901 589 est,

110 629 177 666 cum
202 621 314 668 caetcrae
334 621 430 687 partes
449 612 541 670 aetatis
560 614 635 670 bene
657 611 809 688 descriptae
833 612 901 685 sint,

110 716 269 763 extremum
285 718 392 779 actum,
407 717 553 783 tamquam
568 709 604 766 ab
625 708 710 766 inerti
724 709 824 784 poeti,
838 726 902 766 esse

80 817 97 865 5
110 803 284 879 neglectum.
327 805 386 861 Sed
400 815 497 862 tamen
511 823 632 863 necesse
646 804 701 862 fuit
714 824 778 863 esse
793 804 901 881 aliquid

109 909 279 972 extremum,
294 911 333 972 et,
348 911 494 976 tamquam
514 902 545 958 iu
567 903 701 959 arborum
722 901 832 974 baccis,
847 911 902 959 tor·

110 1014 208 1070 raeque
244 997 385 1074 frugibus,
420 997 586 1055 maturitate
616 997 786 1074 tempestivi
820 997 901 1072 quasi

109 1092 218 1150 vietum
233 1103 262 1151 et
276 1095 437 1152 caducum:
460 1095 537 1169 quod
554 1093 704 1152 ferendum
718 1103 763 1151 est
776 1092 901 1151 molliter

110 1189 242 1265 sapienti.
283 1190 460 1252 Quid-enim
473 1200 516 1248 est
538 1190 626 1262 aliud,
641 1188 792 1267 gigantium
814 1189 903 1247 modo

65 1287 96 1337 1⁰
112 1287 219 1344 bellare
233 1306 301 1344 cum
314 1287 389 1359 Diis,
404 1287 461 1344 nisi
474 1297 585 1345 naturae
599 1287 782 1363 repugnaret

150 1384 269 1442 Lectius.
310 1383 412 1458 Atqui,
427 1383 512 1455 Cato,
527 1382 723 1460 gratissimum
743 1381 839 1454 nobis,
855 1379 904 1460 (ut

111 1479 199 1538 etiam
208 1498 261 1555 pro
272 1479 411 1555 Scipione
424 1479 577 1559 pollicear)
590 1478 704 1551 feceris,
716 1478 751 1551 si,
763 1478 901 1554 quoniam

111 1593 268 1650 speramus,
292 1574 438 1652 (volumus
460 1574 577 1649 quidem
602 1575 695 1656 certe)
720 1593 805 1632 senos
828 1573 900 1646 lieri,

112 1679 177 1726 ante
192 1670 282 1726 multo
298 1688 314 1726 a
327 1679 356 1726 te
370 1669 568 1742 didicerimus,
584 1671 689 1745 quibus
703 1670 840 1729 facillime
858 1690 902 1728 ra·

65 1774 96 1824 15
110 1763 238 1822 tionibus
253 1765 501 1842 ingravescentem
515 1776 628 1824 aetatem
640 1767 715 1824 ferre
727 1767 880 1843 possimus.

152 1861 233 1919 Coto.
275 1862 395 1920 Faciam
416 1882 494 1935 vero,
509 1862 597 1934 Laeli;
618 1863 778 1938 praesertim
793 1864 818 1921 si
832 1863 901 1921 utri·

110 1977 166 2034 que
180 1959 316 2031 restrium,
331 1969 363 2017 ut
377 1959 461 2030 dicis,
476 1970 590 2037 gratum
604 1959 732 2016 futurum
746 1969 798 2018 est.

149 2055 255 2132 Scipio.
298 2056 441 2114 Volumus
469 2076 548 2128 sane,
575 2056 632 2113 nisi
659 2057 813 2113 molestum
847 2066 900 2129 est,

111 2153 195 2225 Cato,
210 2163 356 2228 tamquam
372 2154 496 2228 aliquam
507 2153 582 2210 viam
596 2152 713 2228 longam
728 2153 900 2224 confeceris,

63 2264 96 2314 oo
111 2270 196 2325 quarn
217 2251 301 2308 nobis
316 2270 430 2326 quoque
445 2249 666 2326 ingrediendum
680 2249 727 2321 sit,
742 2249 829 2322 istuc,
845 2269 901 2325 quo

109 2348 275 2423 pervenisti,
290 2348 397 2419 videre,
413 2347 497 2422 quale
512 2347 557 2404 sit.

148 2540 203 2598 111.
247 2540 328 2599 Coto.
371 2541 500 2613 Faciam,
515 2550 547 2598 ut
566 2550 678 2616 potero,
693 2539 773 2598 Lali.
816 2539 901 2614 Saepo

109 2639 187 2696 enim
202 2638 318 2695 interlui
333 2639 457 2712 querelis
477 2656 607 2695 meorum
623 2636 787 2711 aequalium,
803 2633 901 2711 (pares

111 2747 206 2793 autem
231 2754 298 2793 cum
318 2734 446 2810 paribus,
467 2735 557 2791 veteri
577 2733 739 2810 proverbio,
762 2732 901 2789 facillimo

63 2845 96 2895 25
110 2832 349 2910 congregantur,)
365 2851 428 2906 quas
449 2831 483 2888 C.
500 2831 653 2901 Salinator,
667 2847 731 2903 quaa
752 2828 802 2903 Sp.
818 2827 902 2885 Albi·

105 2945 172 2999 nus,
201 2927 334 2984 homines
361 2927 538 2998 consulares,
565 2924 657 2983 nostri
684 2924 744 2981 fere
765 2924 900 2999 aequales,

92 3022 254 3103 deplorare
275 3025 430 3102 solebaut3
455 3035 521 3086 tum
543 3021 623 3102 quob
640 3020 836 3097 uoluptatibus
854 3038 902 3080 ea·
