1904 3750
54 237 149 298 a.m.]
344 235 387 282 on
409 236 553 283 ossrons.
831 221 888 281 177

55 384 210 461 injuriaml
251 382 326 440 Mihi
346 383 460 458 quidem
474 384 560 441 etiam
574 403 647 440 verae
662 383 842 442 haereditatcs

54 501 112 539 non
139 482 267 538 honestae
290 481 430 551 videntur,
456 481 479 537 si
506 481 564 538 sint
591 481 740 538 malitiosis
764 481 843 539 blan-

55 578 133 637 ditiis
155 577 326 647 officiorum,
348 595 405 632 non
427 577 555 648 veritate,
576 577 626 634 sed
649 577 841 650 simulatione,

54 674 189 748 quaesitae.
243 673 343 747 Atqui,
369 673 398 729 in
421 673 527 729 talibus
550 674 645 744 rebus,
670 674 746 731 aliud
772 675 842 731 utile

55 769 210 836 interdum,
233 769 309 826 aliud
331 769 481 825 honestum
506 768 596 825 videri
617 770 697 826 solet.
739 770 873 828 Palam

54 883 122 922 nam
136 866 238 922 eadem
252 865 393 934 utilitatis,
408 883 471 938 quae
492 863 659 936 honestatis,
675 875 718 922 est
733 867 841 943 regula.

53 961 116 1022 Qui
144 962 202 1018 hoc
228 980 287 1017 non
314 960 478 1036 perviderit,
507 961 542 1016 ab
569 960 625 1016 hoc
657 962 736 1018 nulla
766 962 843 1020 fraus

55 1056 157 1127 aberit,
186 1056 297 1113 nullum
329 1056 449 1113 facinus.
506 1055 556 1112 Sic
589 1055 667 1111 enim
700 1057 842 1133 cogitans,

56 1153 137 1210 “Est
158 1153 233 1211 istuc
254 1153 369 1227 quidem
394 1152 562 1220 honestum3
590 1170 686 1208 verum
715 1152 771 1209 hoc
797 1171 844 1210 ex-

53 1250 163 1324 pedit‚''
189 1267 235 1305 res
260 1268 276 1306 a
299 1247 402 1305 natural
428 1248 576 1323 copulatas
605 1248 721 1305 audebit
747 1267 843 1306 errore
858 1254 888 1304 10

54 1346 206 1417 divellere;
235 1346 284 1420 qui
305 1345 368 1402 fons
388 1355 432 1401 est
453 1345 605 1417 fraudium,
626 1345 842 1419 maleficiorum,

54 1443 197 1500 scelerum
212 1441 350 1498 omnium.

93 1634 180 1691 XIX.
201 1633 313 1708 Itaque,
335 1633 359 1689 ai
379 1632 421 1690 vir
441 1633 534 1691 bonus
555 1634 658 1692 habeat
678 1635 754 1693 hanc
773 1634 842 1708 vim,

54 1741 96 1803 ut,
111 1732 136 1788 si
151 1730 249 1807 digitis
269 1729 480 1804 concrepuerit,
495 1730 583 1805 possit
605 1731 634 1788 in
655 1732 858 1807 locupletium·

53 1837 228 1886 testamenta
252 1845 358 1882 nomen
390 1826 452 1902 ejus
485 1826 619 1901 irrepere,
647 1827 701 1885 hac
728 1829 756 1885 vi
782 1848 842 1886 non
857 1829 888 1879 15

54 1933 161 1993 utatur,
188 1941 226 1979 ne
256 1922 280 1978 si
312 1922 486 1996 exploratum
521 1923 637 1996 quidem
671 1924 784 1996 habeat,
812 1924 842 1982 id

53 2018 175 2076 omuino
201 2017 347 2074 neminem
373 2035 499 2090 unquam
531 2018 750 2092 suspicaturum.
790 2019 841 2090 At,

54 2115 138 2172 dares
163 2114 238 2170 hanc
262 2113 318 2169 vim
344 2111 385 2170 M.
407 2112 524 2182 Crasso,
549 2123 580 2168 ut
605 2112 757 2188 digitorum
781 2131 842 2188 per-

55 2210 189 2268 cussione
209 2210 299 2267 haeres
319 2219 415 2285 posset
436 2208 559 2283 scriptus
580 2226 653 2278 esse,
668 2208 716 2282 qui
730 2227 761 2265 re
775 2207 843 2264 verd

54 2324 113 2363 non
134 2315 212 2362 esset
232 2305 338 2374 haeres;
360 2305 389 2362 in
411 2305 473 2360 foro
493 2302 577 2379 (mihi
599 2304 698 2383 crede)
717 2303 841 2362 saltaret.
856 2308 888 2358 20

56 2400 154 2459 Homo
175 2412 270 2458 autem
287 2401 390 2477 justus,
406 2401 486 2476 isque
500 2419 584 2475 quern
599 2399 737 2456 sentimus
752 2399 841 2456 virum

56 2498 174 2569 bonurn,
201 2497 273 2554 nihil
301 2498 445 2570 cuiquam,
469 2495 545 2572 quod
573 2496 603 2553 in
627 2515 658 2552 se
680 2496 841 2567 transferat,
920 2533 923 2536 -

55 2594 194 2653 detrahet.
237 2593 305 2650 Hoc
324 2594 372 2667 qui
392 2593 557 2663 admiratur,
572 2592 597 2649 is
612 2613 653 2663 se,
667 2592 735 2667 quid
750 2591 786 2648 sit
800 2591 842 2648 vir

56 2689 158 2762 bonus,
174 2689 288 2746 nescire
309 2689 439 2745 fateatur.
481 2689 522 2745 At
536 2707 613 2759 vero,
628 2688 652 2744 si
667 2687 731 2762 quis
746 2687 843 2743 volue-

55 2786 92 2844 rit
116 2785 206 2844 animi
230 2784 274 2841 sui
299 2785 500 2859 complicatam
528 2785 674 2842 notionem
701 2783 841 2855 evolvere,
856 2795 889 2847 25

53 2882 110 2960 jam
131 2902 163 2940 se
183 2883 246 2957 ipse
266 2881 379 2951 doceat,
394 2899 460 2936 eum
475 2880 565 2938 virum
587 2882 695 2938 bonum
708 2879 853 2955 essemp'x

53 2980 152 3056 prosit,
168 2978 274 3054 quibus
290 2977 400 3055 possit;
422 2989 531 3041 noceat
549 2976 878 3055 nominatissimo*
