1904 3750
263 1019 307 1074 M.
331 1020 489 1074 TULLII
520 1017 764 1074 CICERONIS

370 1222 432 1286 DE
462 1221 664 1298 0FF1011S,

492 1393 531 1429 AD

324 1532 509 1582 naason
534 1530 705 1593 simun,

378 1700 477 1745 LIBER
495 1700 645 1746 TERTIUS.

160 2029 342 2087 I.PunL1on1
365 2031 546 2103 Somounu,
567 2030 669 2089 Marce
691 2030 742 2103 fili,
760 2051 835 2103 eum,
857 2031 906 2106 qui

120 2125 227 2200 primus
242 2126 399 2183 Africanus
421 2127 578 2202 appellatus
598 2138 651 2199 est,
667 2128 764 2185 dicere
780 2129 906 2199 solitum,

120 2222 234 2296 scripsit
255 2222 339 2292 Cato,
354 2222 404 2297 qui
425 2223 478 2279 suit
499 2223 558 2279 fere
579 2225 641 2300 ejus
655 2225 781 2299 aequaiis,
797 2232 815 2256 “
826 2224 908 2281 Nuu-

120 2335 205 2391 quam
219 2337 249 2374 se
264 2319 359 2374 minus
373 2319 495 2375 otiosum
510 2339 583 2390 esse,
598 2339 682 2395 quam
698 2340 763 2377 cum
781 2321 905 2389 otiosus;

89 2417 105 2464 5
121 2432 175 2470 nec
190 2414 284 2471 minus
298 2415 400 2486 solum,
412 2434 497 2490 quam
512 2435 578 2472 cum
593 2417 670 2474 solus
681 2419 784 2474 esset.''
828 2416 908 2493 Mag·

121 2509 208 2566 nifica
221 2530 288 2568 vero
302 2530 365 2582 vox,
381 2522 409 2568 et
423 2531 528 2588 magno
543 2513 602 2569 viro
618 2532 651 2569 ao
666 2513 795 2587 sapiente
810 2513 907 2589 digna,

121 2624 184 2680 quae
205 2607 340 2679 declarat,
357 2608 435 2664 illum
457 2619 485 2665 et
507 2609 535 2665 in
558 2609 617 2665 otio
638 2609 673 2664 de
694 2610 818 2684 negotiis
832 2610 909 2685 cogi·

121 2711 192 2773 tare,
213 2714 242 2760 et
263 2704 292 2760 in
313 2705 466 2762 solitudine
487 2724 586 2762 secum
611 2705 689 2778 loqui
717 2706 849 2774 solitum;
877 2717 909 2762 ut

121 2816 214 2873 neque
239 2810 364 2857 cessaret
387 2820 522 2876 uuquam,
544 2815 573 2859 et
597 2800 739 2857 interdum
765 2801 910 2874 colloquio

75 2894 238 2953 walterius
258 2914 315 2952 uon
336 2907 441 2972 egeret.
483 2896 584 2971 Itaque
605 2897 668 2953 duae
689 2916 743 2967 res,
766 2916 828 2971 quae
849 2898 909 2954 lau·

121 3009 240 3067 guonem
262 2992 382 3048 afferunt
404 2993 524 3063 catenis,
542 2992 621 3049 illum
644 2991 795 3062 acuebant,
818 2993 908 3050 otium

121 3097 151 3144 et
165 3087 296 3144 solitudo
338 3086 451 3144 Vellem
472 3089 625 3145 nobishoc
640 3088 714 3144 idem
730 3107 796 3144 vere
812 3088 909 3147 dicere

122 3181 237 3240 liceret:
259 3183 319 3254 sed,
334 3183 358 3239 si
372 3183 467 3240 minus
489 3183 648 3241 imitatione
667 3193 777 3240 tantam
799 3186 909 3262 ingenii

115 3279 311 3349 praestautiam
333 3280 470 3354 consequi
490 3298 651 3354 possumus,
666 3278 811 3338 voluntate
830 3295 910 3339 certe

63 3381 92 3429 15
100 3372 244 3443 proxime
264 3374 445 3436 accedimus.
485 3375 564 3436 Nun
577 3385 607 3435 et
620 3394 636 3434 a
649 3376 800 3454 republica
817 3377 911 3438 soren-
