1904 3750
61 248 104 307 ’74
265 257 403 316 LAELwS,
422 257 497 304 s1vn
517 256 560 303 ns
578 257 737 305 surorum.

108 404 227 481 optimis
243 404 404 480 quibusque
424 405 543 463 honoris
564 416 710 464 certamen
730 416 760 463 et
780 405 899 483 gloriae3

109 520 147 560 ex
167 520 225 576 quo
240 501 408 560 inimicitias
426 501 565 560 maximas
578 521 654 577 sepe
670 502 745 559 inter
760 502 900 560 amicissi-

111 606 174 656 mos
188 598 338 655 exstitisse.
371 596 481 675 Magna
490 598 578 655 etiarn
593 598 721 671 dissidia,
733 608 763 655 et
775 597 900 674 plerum·

52 759 54 763 ,
112 714 167 771 que
188 695 266 771 justa
289 693 381 766 nasci,
402 713 469 751 curn
494 694 602 769 aliquid
626 696 663 752 ab
688 694 799 767 amicis,
821 695 900 772 quod

80 798 223 849 erectum
241 809 300 848 non
319 801 404 863 esset,
418 791 627 867 postularetur3
649 801 681 848 ut
701 801 751 848 aut
770 790 901 850 libidinis

110 886 245 958 ministri,
261 897 310 944 aut
324 887 469 962 adjutores
483 897 579 944 essent
594 887 629 944 ad
644 886 778 963 injuriam
793 907 800 944 ε
822 887 900 963 quod

111 982 160 1056 qui
175 992 352 1055 recusarent,
366 983 496 1057 quamvis
513 983 639 1055 honeste
652 983 681 1039 id
700 983 841 1055 facerent,
853 985 900 1059 jus

112 1089 208 1136 tamen
224 1079 357 1136 amicitie
372 1079 504 1136 deserere
519 1089 706 1156 arguerentur
725 1081 761 1135 ab
782 1079 819 1136 iis
839 1080 901 1154 qui-

62 1226 64 1231 ,
112 1177 166 1233 bus
190 1176 309 1250 obsequi
333 1176 465 1232 nollent:
495 1176 560 1232 illos
584 1185 689 1246 autern,
714 1175 764 1250 qui
788 1175 901 1249 quidvis

66 1279 97 1328 10
110 1274 148 1330 ,ab
171 1272 264 1330 amico
286 1273 424 1330 auderent
444 1272 599 1346 postulare,
620 1271 814 1346 postulatione
838 1272 900 1346 ipsit

111 1368 250 1444 profiteri,
271 1368 369 1425 omnia
391 1387 422 1424 se
447 1367 533 1425 amici
554 1367 643 1424 causi
666 1386 729 1424 esse
753 1367 899 1425 facturos:

112 1483 213 1522 eorum
228 1463 344 1538 querelis
362 1463 534 1521 inveteratas
552 1482 611 1520 non
625 1464 712 1520 modo
726 1464 901 1521 familiarita-

112 1570 156 1617 tes
175 1558 320 1634 exstingui
338 1559 442 1629 solere,
457 1559 609 1616 sedetiam
623 1559 690 1617 odiu
703 1559 784 1636 gigni
799 1560 901 1635 sempi-

111 1665 201 1711 terna.
249 1655 323 1710 Haec
348 1654 387 1711 ita
411 1655 510 1726 multa,
536 1655 618 1728 quasi
642 1656 709 1727 fata,
735 1657 902 1731 impendere

66 1763 97 1811 15
114 1750 259 1822 amicitiis,
287 1760 328 1821 ut,
356 1751 455 1808 omnia
487 1753 696 1829 subterfugere,
724 1773 780 1810 non
815 1754 902 1809 modo

113 1847 271 1922 sapientia),
306 1848 356 1904 sed
391 1848 477 1904 etium
513 1849 668 1920 felicitatis,
703 1850 813 1907 diceret
846 1850 901 1906 sibi

112 1944 212 2002 videri.

153 2138 208 2197 XI.
248 2140 448 2201 Quamobrem
479 2141 506 2197 id
541 2140 664 2216 primum
692 2139 849 2209 videamus,
877 2138 901 2194 si

113 2236 218 2312 placet,
236 2237 378 2310 quatenus
400 2256 478 2294 amor
500 2237 529 2293 in
552 2236 679 2293 amicitiai
699 2235 834 2311 progredi
855 2235 904 2291 de·

65 2339 98 2389 20
114 2334 190 2390 beat.
231 2333 321 2404 Num,
337 2333 362 2389 si
378 2334 552 2390 Coriolanus
573 2333 672 2389 habuit
694 2332 812 2401 amicos,
829 2331 903 2388 serre

115 2443 217 2486 contra
226 2430 346 2505 patriam
359 2449 438 2486 arma
452 2430 492 2485 illi
508 2448 574 2486 cum
589 2428 746 2486 Coriolano
757 2426 902 2486 debuerel

114 2543 184 2582 num
212 2526 405 2582 Viscellinum
433 2525 529 2596 amici,
558 2543 679 2600 regnum
711 2533 902 2599 appetentem,

114 2639 184 2678 num
200 2623 248 2696 Sp.
265 2620 404 2692 Maelium,
421 2621 582 2678 debuerunt
593 2621 713 2696 juvarel

154 2718 203 2775 Ti.
215 2718 331 2791 quidem
342 2717 508 2774 Gracchum
524 2717 730 2791 rempublicam
742 2727 903 2787 vexantem,

66 2816 98 2867 25
116 2813 185 2874 aQ.
197 2814 365 2885 Tuberone,
377 2813 592 2888 aequalibusque
607 2813 717 2883 amicis,
733 2811 904 2869 derelictum

113 2906 289 2968 videbamus
340 2910 381 2966 At
405 2910 439 2966 C.
465 2909 590 2980 Blosius,
615 2909 774 2977 Cumanus,
799 2907 905 2982 hospes

96 3003 227 3071 familiae
242 3020 359 3084 vestre,
371 3007 519 3080 Scerola,
527 3024 598 3064 cum
608 3005 647 3063 ab
656 3023 717 3074 me,
726 3004 777 3075 opi
788 3003 905 3062 aderam
