1904 3750
224 279 361 342 nmnms,
378 283 451 330 srva
471 283 515 330 nn
533 280 689 330 anrcrrnr.
851 270 889 327 71

97 427 152 491 IX.
192 433 281 496 Quod
297 434 322 490 si
336 444 416 491 tanta
429 435 471 491 ris
484 433 636 510 probitatis
654 441 707 504 est,
722 443 754 490 ut
769 448 843 504 eam,

58 530 102 586 vel
130 530 160 587 in
187 530 230 586 eis
257 549 328 603 quos
352 549 499 604 nunquam
524 530 656 601 vidimus,
680 529 724 585 vel
753 527 844 605 (quod

58 627 150 702 majus
170 629 227 705 est)
248 627 277 683 in
299 627 380 683 hoste
401 627 684 702 etiam,'diligamus;
706 625 774 701 quid
793 624 845 681 mi·

58 741 132 793 rum,
148 723 171 779 si
187 723 273 779 animi
295 723 443 779 hominum
458 733 636 794 moveantur,
651 740 843 793 cumeorum,

59 819 229 893 quibuscum
245 839 296 875 usu
315 819 463 894 conjuncti
483 838 546 875 esse
566 828 696 894 possunt,
711 818 844 875 virtutem
860 829 877 877 ὅ

58 924 88 970 et
109 915 266 972 bonitatem
280 915 443 991 perspicere
457 914 626 971 videantnrt
666 914 844 988 Quanquam

58 1011 244 1068 confirmatur
259 1029 338 1067 amor
356 1021 385 1067 et
404 1010 546 1067 beneficio
559 1020 691 1084 accepto,
706 1021 734 1067 et
748 1010 845 1067 studio

57 1116 219 1182 perspecto,
247 1117 276 1163 et
303 1106 513 1163 consuetudine
548 1106 706 1181 adjuncti:
741 1106 845 1180 quibus

59 1204 145 1259 rebus
166 1203 201 1259 ad
223 1203 302 1260 iilum
319 1204 443 1278 primum
458 1213 566 1259 motum
582 1202 669 1259 animi
690 1212 719 1258 et
740 1203 845 1259 amoris

59 1299 204 1370 adhibitis,
217 1299 391 1357 admirabilis
405 1299 534 1373 quaedam
549 1298 710 1356 exardescit
723 1299 846 1355 benevo-
862 1307 893 1356 10

58 1396 153 1453 lentiae
174 1396 360 1472 magnitud03
386 1415 471 1470 quam
492 1395 586 1470 siqui
609 1405 711 1470 putant
736 1397 772 1452 ab
795 1394 846 1451 im·
877 1380 905 1431 Γ

58 1492 215 1548 becillitate
241 1492 396 1566 proficisci,
418 1501 449 1549 ut
473 1492 519 1562 sit,
540 1510 591 1567 per
615 1510 700 1568 quern
725 1491 845 1566 quisque

60 1598 236 1661 assequatur,
251 1587 328 1661 quod
342 1588 486 1644 desideret
498 1609 504 1657 ;
527 1587 664 1645 humilem
678 1606 747 1644 sane
761 1587 846 1643 relin-

59 1693 159 1757 quunt,
184 1693 213 1739 et
240 1684 358 1741 minime
385 1703 557 1761 generosum
585 1684 631 1760 (ut
658 1684 698 1742 ita
724 1683 845 1763 dicam),

59 1788 153 1835 ortum
169 1781 311 1851 amicitiae,
324 1801 408 1854 quam
424 1800 460 1837 ex
473 1781 572 1856 inopia
587 1792 672 1856 atque
686 1780 847 1858 indigentia
862 1787 894 1836 15

60 1886 156 1932 natam
172 1876 278 1934 volunt.

98 1972 189 2032 Quod
204 1973 228 2029 si
245 1973 286 2030 ita
305 1985 380 2031 esset
394 1995 401 2044 ;
426 1974 592 2048 utquisque
607 1974 757 2031 minimum
771 1973 801 2030 in
815 1993 846 2030 se

60 2086 124 2124 esse
145 2068 338 2141 arbitraretur,
359 2071 399 2126 ita
420 2071 455 2126 ad
476 2069 633 2126 amicitiam
648 2079 723 2126 esset
737 2069 849 2143 aptissi-

60 2183 145 2220 mus:
167 2164 244 2237 quod
264 2165 351 2241 longe
372 2184 456 2221 secus
476 2174 527 2221 est.
569 2164 608 2220 Ut
628 2164 706 2221 euim
727 2163 847 2238 quisque

60 2260 115 2316 sibi
138 2260 293 2335 plurimum
318 2262 447 2331 confidit,
472 2270 501 2317 et
524 2271 556 2317 ut
579 2260 699 2335 quisque
723 2259 847 2316 maxime
861 2269 894 2318 ΞΟ

60 2357 164 2414 virtute
191 2367 220 2413 et
248 2358 389 2432 sapientia
416 2358 459 2414 sic
483 2358 611 2414 munitus
634 2367 687 2428 est,
712 2366 744 2413 ut
767 2355 847 2413 nullo

59 2463 153 2529 egeat,
175 2472 282 2527 suaque
303 2454 401 2510 omnia
422 2454 451 2510 in
471 2473 502 2510 se
522 2453 585 2529 ipso
605 2452 700 2527 posita
715 2451 846 2528 judicet3

61 2548 101 2605 ita
121 2548 150 2604 in
173 2549 307 2605 amicitiis
328 2549 495 2623 expetendis
516 2547 703 2622 colendisque
724 2547 847 2604 maxime

60 2644 183 2701 excellit.
224 2644 307 2705 Quid
332 2645 409 2702 enim
434 2645 591 2702 Africanus
614 2644 748 2719 indigens
769 2643 847 2700 mei?
884 2698 890 2705 .

60 2738 193 2812 Minime,
216 2741 335 2797 hercle:
358 2760 392 2798 ao
412 2759 449 2797 ne
470 2760 525 2816 ego
544 2740 659 2815 quidem
681 2739 775 2797 illius:
796 2739 848 2796 sed
861 2747 894 2797 25

60 2853 116 2912 ego
132 2836 320 2892 admiratione
334 2836 458 2910 quadam
478 2835 590 2892 virtutis
610 2835 682 2911 ejus,
697 2834 745 2890 ille
766 2833 849 2892 vicis·

62 2931 116 2987 sim
143 2933 277 3008 opinione
299 2931 418 2988 sortasse
443 2932 592 3003 nonnulla,
613 2950 698 3006 quam
719 2931 756 2988 de
775 2931 848 2988 meis

62 3027 187 3086 moribus
209 3028 346 3103 habebat,
368 3049 416 3090 me
441 3028 563 3089 diiamt:
584 3029 671 3086 amitt
684 3021 884 3083 massman-
