1934 3398
61 243 154 304 ani]
350 244 393 290 aa
415 245 560 292 cuncus.
839 235 895 293 14⁹

61 393 173 470 Populo
200 393 316 469 quidem
344 394 481 453 Romano
508 416 564 454 non
592 396 714 467 videtur,
734 395 793 472 qui,
814 414 851 452 ex

61 491 197 548 omnibus
224 491 369 566 praeclaris
401 492 494 562 sactis,
522 493 593 550 illud
626 493 850 568 pulcherrimum

61 587 214 645 existimat.
249 587 337 660 vVicit
356 607 426 666 ergo
447 589 555 646 utilitas
576 589 775 646 honestatem?
799 589 850 645 im·
914 642 918 653 ,

60 702 110 742 mo
125 703 193 740 vero
207 683 387 741 honestatem
400 685 509 742 utilitas
523 696 622 743 secuta
636 696 687 743 est.

100 779 214 855 Itaque,
227 791 257 837 ut
267 781 330 838 sine
344 781 402 838 ullo
415 801 510 839 errore
525 782 683 858 dijudicare
696 782 849 858 possimus,
864 788 881 837 5

58 876 205 950 siquando
226 895 292 933 cum
313 877 362 933 illo
383 879 458 951 quod
479 878 631 934 honestum
652 878 848 955 intelligimus,

58 991 191 1049 pugnare
219 973 249 1029 id
275 972 419 1055 videbitur
451 973 525 1047 quod
562 973 736 1047 appellamus
769 975 849 1046 utile,

60 1068 187 1125 formula
207 1069 337 1143 quaedam
359 1069 563 1126 constituenda
583 1079 641 1138 est3
663 1089 747 1144 quam
766 1070 790 1126 si
809 1089 851 1127 ae-
916 1072 919 1077 ‘

57 1184 182 1240 quemur
204 1165 233 1222 in
254 1165 467 1240 comparatione
488 1184 594 1236 rerum,
611 1166 645 1222 ab
662 1166 758 1222 officio
778 1184 851 1222 nun-

57 1280 147 1336 quam
182 1262 358 1318 recedemus.
414 1261 478 1318 Erit
506 1273 601 1319 autem
628 1262 690 1320 haec
718 1262 849 1333 formula,
866 1269 900 1318 1⁰·

58 1359 228 1415 Stoicorum
242 1358 348 1415 rationi
362 1358 579 1433 disciplinaeque
594 1358 716 1415 maxime
732 1377 852 1415 consen·

58 1463 162 1522 tanea3
185 1472 270 1527 quam
291 1453 406 1527 quidem
428 1453 458 1510 in
480 1455 524 1510 his
544 1454 625 1511 libris
645 1464 795 1531 propterea
808 1473 851 1511 sa·

58 1550 185 1626 quimur,
204 1549 291 1624 quod,
309 1569 471 1624 quanquam
494 1569 511 1607 a
531 1551 674 1607 veteribus
695 1550 850 1610 Academi-

57 1647 113 1717 cis,
126 1656 156 1702 et
172 1664 188 1702 a
200 1645 400 1722 Peripateticis
414 1647 526 1717 nostris,
539 1647 588 1721 qui
603 1646 747 1721 quondam
761 1647 849 1703 iidem

58 1751 143 1801 erant
163 1742 211 1817 qui
233 1741 415 1814 Academici,
437 1762 500 1817 quae
527 1741 647 1800 honesta
672 1753 749 1814 aunt,
772 1752 896 1802 ante-15

58 1848 207 1915 ponuntur
223 1839 257 1895 iis
272 1858 334 1912 quae
348 1839 480 1896 videntur
497 1839 579 1895 utilia
588 1859 595 1908 ;
617 1849 712 1895 tamen
726 1839 850 1915 apiendi·

59 1935 125 1993 diua
145 1935 209 1991 haec
234 1935 269 1990 ab
296 1933 338 1990 eia
365 1934 554 2004 disseruntur,
576 1934 689 2008 quibus,
711 1934 849 2010 quidquid

59 2031 215 2088 honestum
246 2040 299 2101 est,
327 2030 404 2087 idem
438 2029 507 2086 utile
535 2030 662 2098 videtur3
696 2049 752 2086 nec
778 2031 849 2087 utile

57 2127 227 2202 quidquam,
248 2127 322 2201 quod
346 2145 406 2182 non
434 2125 602 2194 honestum3
631 2145 716 2199 quam
736 2127 773 2182 ab
794 2126 848 2197 his,

58 2223 165 2298 quibus
188 2232 236 2279 aut
257 2223 406 2280 honestum
429 2220 535 2296 aliquid
550 2241 607 2278 non
621 2222 701 2293 utile,
717 2233 765 2278 aut
778 2223 848 2278 utile
864 2226 904 2282 ω’

58 2338 118 2377 non
139 2320 301 2376 honestum.
342 2318 436 2375 Nobis
458 2328 552 2374 autem
574 2329 670 2375 nostra
688 2318 850 2375 Academia

58 2435 195 2491 magnam
216 2415 363 2472 licentiam
378 2415 436 2486 dat,
450 2424 491 2486 ut,
506 2415 708 2489 quodcumque
725 2414 849 2471 maxime

58 2511 209 2589 probabile
229 2521 373 2583 occurrat,
395 2512 423 2569 id
446 2521 542 2568 nostro
560 2511 624 2588 jure
644 2511 731 2569 liceat
751 2510 849 2567 desen·

58 2608 138 2666 dere.
181 2609 240 2666 Sed
253 2608 342 2666 redeo
357 2607 391 2665 ad
407 2607 568 2666 formulam.

99 2800 136 2861 V.
158 2800 319 2860 Detrahere
334 2801 421 2878 igitur
437 2800 542 2876 aliquid
558 2800 649 2873 alteri,
659 2811 690 2857 et
701 2799 848 2858 hominem
862 2808 895 2860 ὕ

59 2896 187 2959 hominia
208 2898 395 2957 incommodo
414 2915 498 2955 saum
522 2915 628 2974 augere
654 2896 848 2970 commodum,

59 2994 155 3076 nagia
179 3004 225 3055 eat
251 3003 354 3053 coatia
379 3002 521 3067 naturam,
542 3012 628 3071 quam
655 3011 742 3067 mara,
761 3010 848 3071 quam

300 3089 363 3151 13*
