1934 3398
81 224 123 285 82
416 235 459 282 nn
483 235 629 284 osricus.
846 238 886 299 [n.
897 238 918 286 1.

127 394 157 441 et
183 383 326 457 facienda,
351 395 381 443 et
407 405 466 443 non
494 385 637 459 facienda,
662 396 692 444 et
714 389 862 461 mutanda,
887 399 917 447 et

127 481 299 558 corrigenda
313 496 387 540 sunt.
503 478 508 485 ”

165 577 243 639 Quae
263 597 330 635 vero
354 597 434 636 more
456 590 588 655 aguntur,
610 580 805 655 institutisque
826 582 916 640 civili-

127 673 191 744 bus,
212 674 248 730 de
269 673 304 731 iis
325 675 397 731 nihil
421 685 465 731 est
487 676 721 752 praecipiendum.
762 676 817 735 Illa
837 679 915 736 enim

98 769 190 846 5ipsa
208 780 352 846 praecepta
372 780 454 829 sunt:
476 791 531 828 nec
552 791 723 847 quemquam
745 772 916 832 hocerrore

127 867 195 924 duci
215 877 336 942 oportet,
351 877 392 939 ut,
408 867 432 924 si
452 868 519 944 quid
540 869 673 925 Socrates
689 879 737 926 aut
750 870 916 946 Aristippus

127 973 229 1019 contra
249 982 358 1019 morem
381 964 675 1038 consuetudinemque
699 964 813 1021 civilem
840 965 916 1023 feca-

127 1059 194 1129 rint,
219 1058 344 1116 locutive
368 1060 434 1131 sint,
460 1060 535 1116 idem
561 1059 615 1116 sibi
641 1060 792 1117 arbitretur
816 1060 914 1119 licere.

129 1154 245 1232 Magnis
280 1156 320 1213 illi
347 1167 376 1212 et
403 1156 507 1213 divinis
541 1157 624 1212 bonis
657 1156 733 1213 hauc
766 1156 915 1215 licentiam

83 1259 114 1311 tc
130 1253 360 1326 assequebantur.
403 1252 578 1326 Cynicorum
603 1271 670 1309 vero
691 1253 764 1309 ratio
788 1262 849 1310 tota
871 1263 916 1310 est

129 1349 291 1424 ejicienda:
322 1359 365 1406 est
393 1349 470 1406 eninr
495 1349 613 1406 inimica
636 1349 827 1420 verecundiae,
851 1349 914 1406 sinc

128 1447 185 1520 qua
199 1445 270 1502 nihil
284 1455 394 1501 rectum
409 1464 472 1501 esse
486 1454 587 1520 potest,
601 1445 673 1501 nihil
689 1445 848 1503 honestum.

167 1540 227 1598 Eos
249 1552 353 1612 autem,
374 1559 495 1615 quorum
516 1541 573 1597 vita
592 1551 743 1616 perspecta
770 1541 800 1597 iu
828 1541 915 1599 rebus

128 1637 254 1695 honestis
282 1648 366 1711 atque
392 1637 505 1713 magnis
532 1647 584 1711 est,
607 1638 681 1694 bene
705 1637 741 1694 de
765 1636 914 1713 republici

83 1744 114 1791 15
128 1735 293 1806 sentientes,
316 1753 350 1791 ac
372 1733 443 1790 bene
464 1733 582 1790 meritos
603 1743 651 1790 aut
671 1743 823 1804 merentes,
837 1732 914 1790 sicut

129 1832 224 1904 aliquo
243 1832 350 1888 honore
369 1840 417 1886 aut
436 1830 556 1904 imperio
575 1829 701 1900 affectos,
720 1830 870 1887 observare
885 1839 915 1886 et

128 1928 223 1984 colere
243 1927 396 1996 debemus;
420 1927 545 1983 tribuere
565 1925 652 1982 etiam
673 1926 794 1983 multum
815 1944 915 1983 senec·

128 2022 198 2092 tuti;
233 2023 337 2080 cedere
371 2022 406 2080 iis
436 2023 485 2098 qui
519 2022 716 2098 magistratum
749 2022 913 2092 habebunt3

128 2119 233 2175 babere
254 2119 397 2176 delectum
419 2118 490 2175 civis
513 2127 542 2174 et
568 2117 722 2194 peregrini,
745 2117 774 2174 in
795 2117 914 2193 ipsoque

81 2223 113 2272 20
127 2215 287 2292 peregrino,
314 2215 484 2289 privatimne
513 2234 548 2271 an
574 2214 690 2289 publice
717 2213 843 2270 venerit:
878 2215 915 2272 ad

127 2331 277 2378 summam,
305 2329 342 2367 ne
380 2330 462 2386 agam
496 2311 532 2366 de
565 2310 695 2386 singulis,
729 2328 913 2369 communem

127 2408 215 2464 totius
235 2406 348 2483 generis
369 2406 518 2462 hominum
539 2406 773 2463 conciliationem
794 2414 824 2462 et
844 2424 914 2463 con-

127 2505 316 2562 sociationem
332 2503 437 2574 colere,
452 2503 536 2575 tueri,
551 2522 672 2575 servare,
687 2503 832 2559 debemus.

93 2712 96 2717 ·
167 2695 262 2753 XLII.
287 2695 305 2752 J
308 2714 353 2753 am
367 2697 403 2752 de
418 2695 544 2754 artificiis
559 2705 588 2753 et
600 2695 764 2771 quaestibus,
780 2695 829 2770 qui
842 2695 914 2754 libe-

80 2793 201 2849 25-rales
222 2792 356 2864 habendi,
371 2791 419 2867 qui
440 2792 548 2849 sordidi
568 2793 634 2863 siut,
650 2793 712 2850 haec
726 2792 786 2849 fere
801 2793 914 2868 accepi·

127 2906 199 2947 mus.
240 2889 369 2948 Primum
396 2887 592 2964 improbantur
612 2888 634 2947 ii
653 2898 788 2963 quaestus,
810 2888 912 2964 quiin
