1904 3750
392 629 601 689 naoamcns.
829 619 868 679 [L-

116 777 270 857 propositas
289 788 356 836 sunt
377 778 412 836 ad
428 796 477 837 eas
491 797 536 835 res
549 776 691 852 parandas
711 773 869 848 tuendasqn

117 875 221 951 quibus
236 875 312 932 actio
326 875 390 932 vite
405 875 587 931 continetur:
612 882 644 930 ut
666 882 694 928 et
714 870 838 928 societas
852 870 870 926 b

116 972 228 1030 minum
249 972 472 1048 conjunctioque
493 980 630 1040 servetur,
651 979 681 1025 et
701 968 788 1025 animi
809 986 870 1024 exet

116 1067 207 1125 lentie
227 1067 462 1144 magnitudoque,
484 1086 550 1123 cum
573 1067 603 1122 in
626 1065 765 1141 augendis
789 1064 871 1138 opibn

84 1164 347 1238 sutilitatibusque
368 1175 397 1221 et
417 1163 472 1220 sibi
492 1173 521 1220 et
541 1161 601 1219 suis
615 1160 826 1235 comparandis,
841 1170 872 1216 tu

116 1260 207 1318 multo
231 1260 323 1336 magis
345 1260 375 1316 in
398 1260 444 1317 his
466 1259 535 1333 ipsis
559 1257 761 1334 despiciendis,
779 1256 872 1313 elucet

115 1356 197 1414 Ordo
220 1366 327 1426 autem,
346 1366 375 1413 et
397 1356 568 1426 constantia,
583 1364 612 1413 et
633 1353 803 1423 moderatio,
818 1363 847 1410 et
868 1375 873 1407 t

114 1463 260 1528 quaesunt
279 1453 325 1510 his
345 1453 459 1522 similia,
474 1461 622 1508 versantur
641 1451 671 1507 in
685 1469 720 1506 eo
735 1468 851 1527 genere,
867 1468 873 1505 t

115 1549 192 1624 quod
218 1550 382 1608 adhibenda
400 1559 444 1606 est
465 1549 541 1605 actio
561 1548 702 1623 quaedam,
723 1566 782 1604 non
809 1546 872 1602 solu

69 1647 220 1713 lomentis
242 1647 368 1724 agitatio.
410 1645 465 1703 His
489 1645 566 1702 enim
586 1646 682 1715 rebus,
698 1663 760 1719 quae
779 1652 875 1700 tractat

102 1728 162 1801 ‘tur
176 1743 206 1800 in
220 1743 288 1814 vitis,
300 1743 417 1799 modum
430 1741 573 1815 quendam
584 1751 613 1798 et
623 1742 755 1799 ordinem
767 1739 876 1796 adhibet

111 1848 169 1911 tes,
184 1839 364 1897 honestatem
377 1846 407 1895 et
420 1838 510 1896 decus
525 1839 768 1896 conservabimus.

154 2029 207 2088 VI.
237 2029 282 2088 Ex
303 2041 424 2106 quatuor
446 2041 540 2089 antem
557 2032 640 2103 locis,
655 2032 686 2088 in
703 2049 775 2106 quos
789 2032 878 2088 hones

116 2137 247 2184 naturam
259 2127 371 2203 vimque
383 2129 540 2199 divisimus,
551 2129 661 2203 primus
673 2129 731 2198 ille,
742 2128 790 2203 qui
802 2128 830 2184 in
843 2147 879 2184 ve:

70 2235 102 2287 15
117 2223 285 2300 cognitione
313 2225 454 2296 consistit,
479 2225 602 2282 maxime
629 2235 760 2282 naturam
789 2225 880 2300 atting

116 2319 281 2378 humanam.
322 2320 433 2377 Omnes
457 2321 535 2377 enim
559 2323 698 2378 trahimur
719 2331 748 2379 et
770 2320 881 2378 ducimt

117 2416 153 2472 ad
176 2416 352 2492 cognitionis
371 2426 401 2473 et
421 2417 550 2474 scientiae
575 2419 780 2493 cupiditatem3
802 2419 882 2492 inqu

116 2512 259 2569 excellere
272 2512 425 2587 pulchrum
439 2522 589 2588 putamus:
611 2514 669 2571 labi
682 2525 787 2584 autern,
798 2531 883 2571 errari

116 2609 241 2680 nescire,
256 2608 361 2685 decipi,
376 2620 405 2666 et
418 2610 525 2666 malum
540 2619 568 2668 et
582 2620 665 2685 turpe
686 2610 826 2666 ducimus.
868 2608 883 2665 Ι

70 2712 102 2765 20
117 2704 174 2763 hoc
188 2724 305 2782 genere,
320 2715 349 2762 et
369 2707 492 2763 naturali
513 2716 542 2762 et
562 2707 692 2777 honesto,
708 2705 765 2762 duo
780 2705 850 2762 vitia
864 2725 885 2763 νζ

117 2801 206 2860 tanda
229 2812 313 2873 sunt;
345 2822 445 2874 unum,
467 2821 504 2859 ne
529 2802 751 2879 incognitapro
778 2801 885 2878 cogniti

117 2898 285 2969 habeamus,
313 2898 414 2974 hisque
447 2908 555 2955 temere
587 2897 792 2956 assentiamur:
826 2917 886 2974 quo

116 2994 217 3051 vitium
239 2996 366 3072 effugere
387 2995 436 3070 qui
459 2995 544 3066 volet,
569 2993 683 3065 (omnes
713 3004 809 3051 autem
831 2995 885 3052 vell

118 3088 238 3170 debent)
255 3091 411 3163 adhibebit,
428 3092 463 3149 ad
483 3091 707 3149 considerandas
720 3109 777 3162 res,
792 3102 821 3149 et
834 3102 888 3149 tem

71 3210 103 3262 25
118 3203 171 3260 pus
193 3196 222 3242 et
243 3187 430 3264 diligentiam.
472 3189 605 3244 Alterum
627 3197 671 3244 est
692 3187 802 3257 vitium,
827 3206 889 3263 quo

118 3280 234 3355 quidam
249 3284 335 3339 nimis
349 3303 485 3361 magnum
500 3283 626 3340 studium
640 3283 817 3359 multamque
838 3302 890 3359 opo

102 3386 171 3426 tam
189 3371 224 3427 in
246 3390 297 3430 res
317 3376 458 3435 obscuras
480 3385 565 3452 atque
588 3375 720 3434 difficiles
740 3374 891 3435 conferunt
