1934 3398
84 187 126 248 92
419 199 463 247 us
482 200 627 248 ormcus.
834 198 916 263 [nm

131 357 223 406 totum
242 348 406 425 reipublice
425 350 546 422 tradidi3
573 359 685 408 tautum
704 359 766 409 erat
790 350 917 426 philoso-

130 445 205 520 phiae
233 446 300 518 loci,
328 457 464 521 quantum
496 447 674 523 superfuerat
702 447 858 506 amicorum
884 458 915 506 et

131 542 296 617 reipublicae
323 543 505 618 temporibus.
548 543 583 601 Id
611 553 706 600 autem
734 562 820 601 omne
846 562 915 602 con·

131 640 296 697 sumebatur
323 639 353 696 iu
379 639 519 717 legendo:
554 639 699 698 scribendi
731 641 822 698 otium
856 659 915 700 uon

100 741 200 793 5erat.

169 927 208 986 ΙΙ.
230 927 366 987 Maximis
386 929 473 1008 igitur
493 929 523 988 iu
544 930 635 1003 malis,
651 929 707 988 hoo
727 940 824 989 temen
845 932 915 990 boni

132 1025 255 1081 assecuti
269 1025 408 1098 videmur,
423 1035 454 1082 ut
468 1045 503 1084 ea
515 1025 605 1083 literis
625 1026 835 1100 mandaremus,
851 1047 915 1104 quar

130 1139 186 1179 nec
206 1122 274 1179 satis
294 1131 375 1180 eraut
393 1133 460 1180 uota
473 1122 586 1195 uostris,
601 1132 630 1179 et
644 1133 726 1180 erant
747 1123 915 1201 cognitione

131 1218 306 1295 dignissima.
353 1218 437 1281 Quid
457 1229 500 1276 est
521 1219 598 1276 enim
619 1217 683 1295 (per
705 1218 822 1299 Deos!)'
835 1229 915 1296 opta·

85 1318 116 1367 10
130 1314 216 1372 bilius
236 1315 396 1391 sapientidl
418 1315 485 1390 quid
502 1315 701 1391 prestantiusl
721 1315 790 1391 quid
804 1316 914 1374 homini

130 1410 251 1468 meliust
272 1411 339 1485 quid
360 1410 475 1469 homine
488 1410 623 1488 digniusl
664 1408 750 1468 Hanc
765 1410 851 1489 igitur
864 1413 915 1489 qui

130 1516 275 1582 expetunt,
289 1507 451 1582 philosophi
468 1507 666 1577 nominantur;
687 1508 914 1583 necquidquam

131 1603 208 1660 aliud
228 1613 271 1660 est
290 1603 479 1680 philosophia,
494 1603 518 1660 si
539 1603 718 1679 interpretari
733 1603 811 1677 velis,
826 1623 913 1678 quam

131 1699 256 1756 studium
283 1699 438 1775 sapientiae.
481 1699 628 1775 Sapientia
650 1709 744 1757 autem
765 1709 808 1756 est
828 1698 913 1776 (uta

85 1808 116 1855 15
131 1796 272 1853 veteribus
290 1796 468 1871 philosophis
488 1795 636 1852 definitum
657 1796 714 1874 cst)
729 1813 823 1853 rerum
841 1795 913 1853 divi·

130 1909 231 1948 uarum
251 1901 279 1948 et
299 1893 497 1962 humanarum,
516 1909 723 1966 causarumque
744 1891 846 1967 quibus
867 1894 912 1951 he

119 2004 176 2067 'res
203 1987 396 2060 continentur,
423 1987 560 2057 scientia3
595 1987 677 2064 cujus
710 1988 836 2046 studium
862 1989 912 2063 qui

130 2084 278 2158 vituperat,
293 2085 369 2142 haud
383 2103 452 2142 sane
471 2084 610 2160 intelligo,
623 2083 759 2159 quidnam
773 2085 819 2156 sit,
834 2086 912 2161 quod

129 2180 301 2239 laudandum
315 2190 404 2256 putet.
444 2180 532 2252 Nam,
544 2180 603 2238 sive
613 2179 767 2237 oblectatio
776 2181 913 2254 queritur

80 2288 114 2338 2⁰
130 2277 227 2348 animi,
248 2277 416 2352 requiesque
436 2295 586 2347 curarum;
614 2295 676 2351 quae
698 2275 821 2333 conferri
843 2288 912 2334 culn

128 2390 229 2429 eorum
249 2371 350 2429 studiis
369 2382 472 2446 potest,
487 2371 536 2448 qui
557 2390 668 2447 semper
689 2370 793 2445 aliquid
812 2372 912 2446 anqui-

128 2479 204 2540 runt,
224 2467 301 2543 quod
322 2478 431 2545 spectet
451 2479 480 2525 ct
500 2468 591 2525 valeat
615 2468 649 2525 ad
673 2468 747 2524 bene
770 2467 911 2543 beateque

128 2564 300 2622 vivenduml
354 2565 420 2621 Sirc
447 2564 520 2622 ratio
548 2564 716 2622 constantiae
743 2563 910 2638 virtutisque

128 2658 258 2730 ducitur;
289 2670 337 2717 aut
365 2661 427 2718 haec
451 2680 496 2718 ars
523 2671 575 2733 est,
605 2671 652 2718 aut
678 2660 758 2717 nulla
780 2660 908 2733 omuino,

79 2768 113 2818 25
127 2773 178 2829 per
211 2775 296 2832 quam
329 2775 378 2814 ees
411 2774 602 2831 assequamur.
660 2756 777 2814 Nullam
811 2755 910 2814 dicere

127 2852 313 2911 maximarum
334 2872 429 2911 rerum
451 2863 539 2910 artem
553 2872 625 2925 esse,
640 2871 706 2910 oum
727 2852 910 2911 minimarum

126 2945 190 3006 sine
217 2959 276 3008 arte
302 2950 382 3008 nulle
407 2949 454 3022 sit,
478 2949 625 3009 hominum
651 2959 695 3007 est
717 2968 818 3026 perum
841 2967 910 3024 oop-
