1904 3750
63 229 156 290 uiui
352 231 396 278 m:
417 231 564 278 osmons.
739 237 746 253 ⁶
841 216 897 276 lat

61 396 136 453 saepe
151 399 217 436 oum
233 382 315 437 hoste
328 380 475 438 servanda.
516 378 607 441 Quod
621 363 698 436 enim
717 377 758 436 ita
774 379 850 456 jura·

59 483 122 531 tum
141 487 195 547 est,
217 487 249 534 ut
269 497 350 534 mens
378 477 545 552 conciperet
571 476 632 533 fieri
659 487 798 552 oportere,
819 477 848 534 id

59 574 231 630 servandum
253 585 312 630 est:
340 574 415 649 quod
444 574 535 644 aliter,
557 574 585 629 id
606 574 631 630 si
652 593 711 630 non
735 574 847 646 seoeris,

59 668 170 725 nullum
186 680 229 726 est
243 671 416 746 perjurium:
438 680 479 741 ut,
494 670 517 726 si
531 671 714 745 praedonibus
731 687 848 745 paetum

58 783 112 839 pro
133 766 227 841 capite
247 767 370 841 pretium
385 786 443 823 non
460 766 597 837 attuleris,
612 767 690 823 nulla
704 768 781 824 fraus
795 777 847 840 est,
863 778 880 826 ὅ

59 878 97 919 ne
112 861 135 916 si
146 861 258 936 juratus
274 863 390 936 quidem
406 862 434 918 id
449 880 508 917 non
529 862 648 918 seceris:
669 881 736 919 nam
756 863 850 938 pirata

59 975 119 1014 non
146 967 190 1013 est
210 976 245 1013 ex
265 958 455 1032 perduellium
483 976 603 1013 numero
630 941 774 1030 delinitus,
798 959 848 1016 sed

60 1053 223 1110 communis
245 1054 335 1110 hostis
355 1053 492 1110 omnium.
535 1053 610 1110 Cum
630 1053 686 1110 hoo
705 1074 760 1111 neo
778 1054 848 1112 fides

58 1150 156 1221 debet,
177 1169 233 1206 neo
257 1150 457 1226 jusjurandum
478 1167 541 1206 esse
563 1167 725 1206 commune.
779 1149 848 1206 Nou

59 1247 139 1303 enim
160 1246 262 1303 salsum
280 1247 387 1322 jurare,
401 1246 547 1321 perjurare
568 1259 627 1303 est:
649 1246 709 1317 sed,
723 1246 799 1322 quod
813 1265 850 1304 ex
865 1255 896 1305 10

61 1341 150 1399 animi
171 1342 213 1399 tui
234 1342 377 1399 sententiat
395 1342 508 1418 jurdris,
524 1343 599 1399 sieut
613 1343 707 1399 verbis
723 1341 849 1417 concipi·

58 1448 106 1495 tur
127 1457 207 1495 more
228 1449 337 1510 nostro,
360 1438 389 1494 id
410 1457 468 1495 non
493 1439 598 1512 lacere,
618 1433 776 1516 perjurium
796 1447 848 1497 est.

60 1535 142 1594 Scite
155 1535 233 1593 enim
248 1535 419 1611 Euripides:

166 1687 181 1714 ‘⁶
190 1683 278 1732 Juravi
289 1683 386 1748 lingua,
397 1691 507 1734 mentem
518 1686 651 1750 injuratum
661 1687 746 1752 gero.”

60 1819 195 1897 Regulus
209 1840 276 1879 vero
290 1841 348 1880 non
371 1823 470 1880 debuit
490 1825 673 1882 conditiones
691 1826 897 1900 pactiones-15

60 1935 117 1991 que
152 1918 271 1974 bellicas
305 1931 333 1975 et
366 1918 484 1976 hostiles
516 1922 683 1995 perturbare
715 1921 848 1997 perjurio.

60 2013 137 2070 Cum
155 2015 233 2090 justo
247 2015 324 2071 enim
339 2026 368 2071 et
381 2015 511 2090 legitimo
525 2015 606 2073 hoste
621 2035 667 2072 res
681 2018 849 2092 gerebatur3

63 2109 199 2168 adversus
223 2129 307 2184 quem
333 2120 361 2167 et
385 2120 476 2167 totum
501 2109 548 2185 jus
572 2110 687 2182 feciale,
709 2120 739 2167 et
762 2110 852 2167 multa
893 2112 896 2117 “

61 2218 130 2264 sunt
151 2208 217 2283 jura
239 2207 410 2264 eommunia.
459 2205 549 2266 Quod
568 2206 599 2262 ni
620 2205 660 2263 ita
680 2215 765 2277 esset,
779 2224 851 2262 nun·

61 2322 148 2378 quam
170 2303 264 2360 olaros
277 2302 354 2358 viros
374 2313 490 2359 senatus
504 2302 615 2359 vinotos
629 2301 760 2359 hostibus
773 2300 851 2359 dedi·
866 2304 898 2354 20

61 2399 159 2457 disset.

102 2589 204 2648 XXX.
226 2590 267 2647 At
280 2610 347 2648 vero
361 2591 397 2648 T.
410 2588 558 2663 Veturius,
572 2599 601 2649 et
615 2591 664 2665 Sp.
679 2586 852 2658 Postumius,

63 2704 131 2744 oum
160 2664 263 2742 iterum
293 2687 427 2743 consules
453 2696 559 2756 essent,
583 2685 660 2762 quia,
686 2702 752 2741 oum
778 2679 853 2738 male

61 2794 221 2859 pugnatum
245 2781 319 2857 apud
341 2780 485 2838 Caudium
506 2791 591 2852 esset,
610 2778 771 2856 legionibus
791 2793 854 2834 nos·

60 2875 116 2934 tris
136 2877 190 2935 sub
214 2877 316 2954 jugum
340 2873 443 2944 missis,
463 2892 565 2948 paoem
588 2892 657 2932 oum
677 2868 914 2963 Samo'xtxbssf&

63 2970 203 3048 buerant,
225 2970 317 3032 dediti
342 2979 413 3032 sunt
433 2969 504 3033 bis:
529 2969 655 3048 idtussu
676 2965 768 3024 emm
783 2951 902 3032 W
