1904 3750
54 229 150 291 tam]
348 227 391 275 nn
412 227 558 276 osmcns.
838 216 899 275 159*

54 379 152 456 potuit
179 377 285 435 videre.
337 377 388 434 Sie
415 386 543 453 repente,
572 374 671 433 annuli
698 373 849 446 beneficio,

56 493 109 532 rex
135 485 254 531 exortus
281 483 324 530 est
350 473 458 549 Lydiae.
513 472 603 530 Hune
637 472 725 548 igitur
756 471 850 546 ipsum

58 571 198 630 annulum
212 571 236 627 si
251 570 355 627 habeat
369 571 493 646 sapiens,
508 570 599 628 nihilo
613 570 677 646 plus
691 569 746 626 sibi
760 570 850 626 licere

56 678 139 746 putet
158 686 292 743 peecare,
313 687 397 743 quam
419 667 444 724 si
465 686 524 724 non
544 667 670 724 haberet.
719 665 850 724 Honesta

57 765 136 822 enim
152 764 237 821 bonis
251 763 327 835 viris,
342 783 400 821 non
416 764 540 835 occulta,
555 773 730 840 quaeruntur.
863 771 879 818 5

98 862 196 936 Atque
218 860 276 917 hoc
303 861 367 918 loco
393 860 556 935 philosophi
583 860 708 936 quidam,
731 861 850 917 minime

58 957 127 1015 mali
149 957 190 1014 illi
212 956 339 1032 quidem,
354 957 404 1014 sed
425 975 484 1013 non
505 957 574 1013 satis
595 956 682 1027 acuti,
704 957 800 1013 fictam
822 966 851 1014 et
890 998 892 1001 -

57 1053 294 1112 commenticiam
316 1053 440 1110 fabulam
456 1053 557 1109 dieunt
570 1052 710 1127 prolatam
726 1053 851 1110 aPlato·

58 1169 114 1209 ne:
135 1151 298 1226 quasivero
319 1150 377 1222 ille,
394 1159 443 1206 aut
463 1148 572 1206 sactum
591 1148 620 1206 id
638 1167 711 1218 esse,
727 1149 850 1206 antheri

58 1247 197 1323 potuisse,
219 1246 363 1303 defendat.
413 1245 487 1303 Haeo
508 1255 551 1302 est
565 1245 614 1302 ‘vis
635 1245 720 1321 hujus
741 1244 849 1317 annuli,
865 1255 896 1305 10

58 1353 89 1400 et
109 1343 195 1419 hujus
217 1342 357 1417 exempli:
386 1342 410 1399 si
437 1361 522 1399 nemo
550 1342 684 1414 sciturus,
706 1360 850 1399 nemone

58 1440 258 1515 suspicaturus
271 1439 387 1514 quidem
402 1439 448 1510 sit,
461 1458 527 1496 oum
543 1439 660 1514 aliquid,
675 1439 849 1513 divitiarum,

59 1535 207 1613 potentiae,
229 1535 441 1606 dominationis,
462 1535 591 1593 libidinis
615 1518 713 1609 causti,
736 1537 850 1610 seceris,

58 1633 85 1690 si
112 1633 143 1690 id
172 1631 237 1689 Diis
264 1631 487 1706 hominibusque
520 1632 646 1690 futurum
675 1634 711 1692 sit
739 1653 850 1711 semper

60 1729 209 1807 ignotum3
232 1729 308 1785 sisne
323 1727 459 1786 facturus.
501 1729 628 1806 Negant,
641 1731 669 1788 id
680 1732 741 1789 fieri
756 1752 847 1808 posse.
865 1741 896 1790 15

59 1823 90 1882 N
92 1825 255 1900 equdquam
274 1832 369 1899 potest
383 1824 413 1880 id
427 1824 559 1899 quidem:
581 1827 632 1884 sed
653 1847 759 1902 quaero,
773 1829 850 1903 quod

59 1931 168 1998 negant
194 1939 287 1996 posse,
309 1920 338 1977 id
359 1920 383 1977 si
403 1931 509 1996 posset,
537 1922 674 1996 quidnam
702 1926 850 1983 facerentt

58 2016 173 2095 Urgent
193 2017 300 2074 rustice
321 2036 406 2074 saue:
428 2027 537 2093 negant
556 2019 633 2075 enim
654 2040 753 2095 posse3
776 2030 805 2077 et
820 2022 850 2078 iu

58 2133 97 2172 eo
115 2123 262 2190 perstant:
290 2113 345 2171 hoo
368 2115 486 2171 verbum
511 2114 579 2187 quid
603 2115 705 2186 valeat,
727 2135 784 2175 non
814 2117 852 2173 vi-

60 2211 138 2269 dent.
181 2210 257 2268 Cum
281 2210 359 2267 enim
383 2211 545 2286 quaerimus,
567 2209 591 2266 si
614 2211 724 2285 possint
745 2211 850 2284 celare,
865 2222 897 2273 20

58 2307 130 2383 quid
152 2306 256 2364 facturi
277 2307 344 2378 sint,
358 2325 417 2363 non
436 2306 600 2381 quaerimus,
614 2306 762 2380 possintne
777 2307 852 2365 oela-

59 2421 108 2462 re:
130 2403 182 2461 sed
202 2414 338 2477 tanquam
359 2411 500 2460 tormenta
520 2402 649 2477 quaedem
673 2404 850 2476 adhibemus,

60 2509 103 2571 nt,
131 2499 156 2557 si
185 2499 394 2576 responderint,
423 2519 463 2570 se,
491 2498 661 2575 impunitate
694 2499 851 2576 propositi,

60 2595 191 2655 {acturos
211 2595 288 2671 quod
309 2595 451 2670 expediat,
466 2595 646 2653 facinorosos
660 2615 690 2654 se
704 2614 767 2653 esse
784 2595 853 2652 fate·

62 2703 163 2764 autum
185 2693 210 2750 si
224 2701 341 2769 negent,
353 2691 450 2749 omnia
464 2691 558 2766 turpia
570 2710 621 2767 per
635 2692 729 2769 seipsa
743 2690 853 2767 fugien·
865 2705 898 2757 25

61 2788 100 2847 da
125 2807 190 2848 eeee
217 2785 390 2847 concedant.
441 2786 501 2845 Sed
524 2787 584 2866 jam
612 2788 648 2846 ad
674 2787 852 2864 propositum

59 2896 248 2947 metamur.
