1904 3750
63 221 88 270 u
98 217 128 280 ι]
366 221 410 271 nn
428 221 573 272 urricus.
859 211 900 285 φ,

63 373 193 431 conditio
215 383 246 431 et
266 371 382 432 fortuna
394 391 559 432 servorum:
579 371 692 449 quibus,
706 391 764 432 non
778 373 854 431 mule

61 472 245 547 precipiunt,
266 470 316 545 qui
343 469 386 528 ita
405 470 507 546 jubent
527 469 579 542 uti,
600 480 632 527 ut
651 470 852 543 mercenariis3

60 585 175 642 operam
190 565 377 644 exigendam,
388 566 466 641 justa
478 567 639 642 praebendc.

74 686 78 698 ·
97 664 176 721 Cum
200 675 299 721 autem
322 663 433 720 duobus
453 662 553 734 modis,
573 663 603 720 id
625 672 678 734 est,
693 672 742 722 aut
755 663 784 720 vi
805 672 853 722 aut

60 760 169 831 fraude,
191 760 243 817 fiat
268 759 377 835 injuria
387 779 395 829 ;
416 759 502 830 fraus,
524 759 605 833 quasi
618 759 785 836 vulpeculae,
800 759 883 833 vis,5

57 856 150 913 leonis
164 857 301 913 videtur:
323 865 474 930 utrumque
492 855 607 914 homine
629 856 852 915 alienissimum:

58 955 107 1010 sed
122 953 202 1010 sraus
216 953 288 1009 odio
308 951 398 1028 digna
417 952 531 1028 majore.
572 952 678 1010 Totius
699 962 793 1011 eutem
812 952 854 1010 in·

55 1050 172 1124 justitiae
197 1049 281 1106 nulla
308 1048 456 1123 capitalior
478 1056 531 1119 est,
551 1066 637 1122 quam
659 1067 769 1120 eorum,
793 1048 853 1124 qui,

57 1165 123 1204 curn
146 1147 275 1202 maxime
299 1144 411 1216 fallunt,
426 1145 454 1201 id
478 1154 567 1221 agunt
585 1153 617 1200 ut
631 1143 683 1200 viri
701 1144 769 1201 boui
790 1163 853 1202 esse

56 1243 218 1299 videantur.
262 1241 311 1298 De
322 1240 433 1316 justitie
447 1240 516 1298 satis
530 1240 641 1299 dictum
655 1249 707 1296 est.
868 1251 898 1302 10

94 1433 181 1491 XIV.
204 1433 356 1507 Deinceps
372 1431 418 1509 (ut
435 1441 497 1489 erat
509 1430 702 1510 propositum)
718 1430 754 1487 de
768 1430 854 1490 bene·
881 1494 888 1507 ,

57 1529 176 1586 licentii
191 1547 227 1586 ac
241 1528 415 1585 liberalitate
429 1529 558 1600 dicatur;
579 1528 636 1602 qud
650 1527 766 1603 quidem
779 1527 851 1586 nihil

57 1636 99 1681 est
118 1634 234 1681 naturae
257 1623 382 1681 hominis
405 1623 669 1681 accommodatius:
690 1622 741 1682 sed
765 1622 852 1681 habet

58 1722 162 1778 multas
180 1720 345 1777 cautiones.
387 1719 554 1777 Videndum
568 1729 611 1776 est
625 1719 849 1797 cumprimum,

58 1835 93 1873 ne
114 1817 193 1874 obsit
216 1815 383 1892 benignitas
405 1826 434 1872 et
454 1815 489 1872 iis
510 1815 579 1890 ipsis
601 1816 703 1890 quibus
725 1816 850 1893 benigne
865 1826 896 1876 15

58 1913 200 1970 videbitur
220 1912 293 1983 fieri,
308 1921 338 1968 et
359 1912 485 1982 caeteris;
507 1911 621 1984 deiude,
636 1931 673 1970 ne
693 1912 782 1989 major
803 1913 851 1970 be·

58 2009 185 2085 nignitns
206 2009 254 2078 sit,
275 2026 362 2082 quarn
384 2008 551 2079 facultates;
574 2017 645 2081 turn,
667 2019 699 2065 ut
718 2028 770 2086 pro
789 2009 851 2086 dig·
902 1992 904 1995 ⁵

59 2105 147 2162 nitate
175 2104 283 2179 cuique
311 2103 459 2162 tribuatur.
501 2102 536 2160 Id
563 2104 641 2161 euim
665 2116 709 2160 est
732 2103 849 2179 justitiae

60 2199 289 2269 fundamentum,
306 2198 341 2254 ad
363 2217 446 2272 quarn
466 2199 530 2256 haec
547 2197 700 2254 reserenda
712 2207 779 2254 sunt
792 2215 851 2254 orn·

59 2296 114 2352 nia
156 2295 237 2352 Nam
261 2304 291 2352 et
314 2294 363 2369 qui
387 2295 584 2371 gratificantur
612 2293 749 2368 cuipiam,
773 2293 849 2368 quod
863 2302 895 2352 et

60 2392 133 2449 obsit
153 2391 197 2449 illi
212 2391 262 2448 cui
279 2390 415 2465 prodesse
429 2390 502 2447 velle
516 2390 676 2460 videantur,
691 2405 750 2445 non
765 2388 850 2445 bene·

60 2487 106 2544 fici
126 2505 221 2563 neque
241 2486 385 2557 liberales,
400 2487 451 2544 sed
470 2484 626 2562 perniciosi
648 2493 848 2556 assentatores,

58 2582 206 2658 judicandi
227 2593 311 2640 sunt:
332 2593 370 2654 et,
392 2582 440 2657 qui
461 2582 524 2640 eliis
543 2592 660 2654 nocent,
676 2590 708 2639 ut
727 2580 757 2637 in
779 2579 849 2638 alios

60 2679 191 2737 liberales
211 2679 280 2750 sint,
295 2679 325 2736 iu
346 2679 448 2736 eddem
469 2688 536 2737 sunt
556 2677 706 2755 injustitie,
720 2687 753 2734 ut
772 2676 797 2735 si
817 2677 848 2737 in

59 2794 139 2834 snam
153 2795 215 2833 rern
231 2775 325 2833 ulieua
339 2785 514 2833 convertent.
860 2782 893 2832 25

97 2875 174 2930 Sunt
188 2881 285 2930 autem
299 2872 392 2942 multi,
407 2872 564 2947 etquidem
578 2871 676 2947 cupidi
688 2870 847 2948 splendoris

60 2979 89 3027 et
99 2970 209 3047 gloriae,
224 2969 273 3046 qui
287 2969 413 3063 eripiunt
424 2968 499 3050 eliis,
509 2969 588 3053 quod
597 2967 860 3056 alleluiatum·-

245 3065 295 3128 3*
