1904 3750
330 284 373 331 ns
395 281 598 330 suanorum.
872 266 910 325 51

73 435 201 493 virorum
225 444 292 510 post
313 444 435 491 mortem
456 434 581 490 honores
601 439 813 506 permanerent,
838 427 863 484 si

73 532 147 590 nihil
161 549 260 588 eorum
276 530 403 606 ipsorum
419 529 507 587 animi
521 529 679 598 efficerent,
689 525 864 601 quodiutius

73 628 243 685 memoriam
268 627 312 684 sui
335 638 508 683 teneremus.
550 624 626 681 Mihi
654 624 770 699 quidem
791 640 864 678 nun-

73 743 160 799 quam
173 724 339 800 persuaderi
352 723 456 798 potuit,
472 722 593 793 animos,
609 721 722 778 durnin
738 719 864 795 eorpori-

74 818 238 877 bus-essent
259 819 437 890 mortalibus,
459 819 554 874 vivere
565 838 572 888 ;
595 836 661 874 oum
682 816 808 874 exissent
828 826 895 874 ex5

74 915 120 988 iis,
131 916 239 972 emori:
262 933 318 972 nee
332 933 410 985 vero,
425 923 486 970 turn
502 912 628 969 animum
650 931 713 969 esse
727 911 864 987 insipien·

73 1022 142 1084 tem,
166 1031 233 1069 eum
259 1031 295 1068 err
317 1010 466 1086 insipienti
489 1028 611 1085 corpore
636 1010 790 1079 evasisset3
812 1008 862 1066 sed

74 1127 152 1180 oum,
167 1109 247 1166 omni
270 1108 445 1166 admixtione
461 1106 590 1182 eorporis
610 1106 759 1176 liberatus,
773 1123 863 1180 purus

75 1215 104 1262 et
127 1205 239 1282 integer
264 1224 327 1261 esse
348 1204 492 1279 coepisset,
514 1213 576 1260 tum
604 1220 667 1260 esse
691 1201 860 1276 sapientem.

74 1301 172 1376 Atque
183 1301 280 1372 etiam,
296 1319 364 1357 oum
378 1299 505 1356 hominis
516 1308 621 1356 natura
632 1307 724 1354 morte
736 1296 863 1353 dissolvi·
879 1300 911 1350 10

72 1406 131 1468 tur,
146 1406 314 1454 oaeterarum
330 1415 436 1467 rerum,
451 1396 637 1471 perspicuum
647 1404 701 1466 est,
717 1412 774 1470 quo
788 1412 865 1468 quae-

72 1512 131 1568 que
145 1493 296 1550 discedant
308 1513 314 1549 :
328 1493 435 1550 abeunt
447 1492 525 1549 enim
537 1492 607 1550 illue
618 1491 725 1563 omnia,
733 1491 810 1548 unde
820 1508 865 1548 or·

73 1600 194 1660 tasunt3
218 1589 330 1646 animus
346 1599 442 1646 autem
454 1589 542 1661 solus,
550 1608 606 1647 neo
621 1608 688 1647 oum
704 1589 793 1660 adest,
808 1606 864 1646 neo

70 1684 282 1757 oumdisoedit,
296 1695 420 1761 apparet.
442 1685 509 1744 Iam
517 1705 586 1743 vero
594 1686 707 1757 videtis,
717 1685 788 1742 nihil
799 1702 863 1742 esse

74 1782 233 1839 mortitam
248 1781 352 1853 simile,
367 1801 452 1857 quam
464 1801 606 1840 somnum.
649 1782 739 1858 Atqui
758 1781 865 1839 dormi·
879 1791 910 1842 15

71 1871 185 1935 entium
201 1877 289 1934 animi
310 1878 434 1934 maxime
455 1878 604 1935 declarant
624 1878 805 1935 divinitatem
819 1897 864 1935 su·

72 1993 130 2031 vam
173 1972 269 2031 Multa
295 1973 383 2045 enim,
412 1992 478 2031 ourn
500 1974 612 2030 remissi
635 1984 664 2030 et
684 1975 769 2031 liberi
786 1984 863 2046 sunt,

72 2070 171 2128 futura
193 2069 382 2145 prospiciunt.
425 2068 471 2126 Ex
492 2088 549 2143 quo
570 2069 749 2145 intelligitur,
765 2070 864 2144 quales

75 2166 163 2224 futuri
178 2166 245 2236 sint,
261 2184 327 2222 oum
340 2184 370 2221 se
384 2164 470 2240 plane
485 2164 614 2239 corporis
629 2165 752 2221 vinculis
774 2164 865 2221 relax·

76 2263 193 2320 averint.
234 2261 346 2333 Quare,
362 2260 386 2317 si
401 2261 464 2317 haeo
478 2261 519 2317 ita
532 2270 608 2332 sunt,
620 2260 662 2317 sie
677 2279 723 2316 me
735 2261 863 2332 nolitote,
879 2265 911 2314 20

75 2367 107 2416 ut
121 2359 226 2416 Deum.
268 2358 321 2414 Sin
343 2358 401 2414 una
415 2367 459 2413 est
479 2357 648 2413 interiturus
669 2357 782 2413 animus
797 2376 864 2414 oum

72 2472 207 2530 oorpnre,
235 2472 286 2510 vos
312 2463 419 2524 tamen,
442 2452 522 2509 Deos
546 2464 687 2524 verentes,
712 2452 761 2527 qui
789 2453 865 2510 hano

76 2568 192 2606 omnem
211 2549 457 2624 pulchritudinem
478 2559 596 2606 tuentur
617 2559 646 2606 et
666 2559 781 2625 regunt,
808 2567 866 2607 me·

76 2646 198 2703 moriam
211 2645 303 2702 nostri
322 2645 370 2721 pie
385 2645 576 2719 inviolateque
590 2645 768 2702 servabitis.''
810 2645 867 2721 Cy·

76 2761 125 2800 rus
139 2743 255 2818 quidem
270 2742 333 2799 haeo
346 2741 482 2799 moriens.
523 2740 587 2798 Nos
599 2740 637 2818 (si
647 2741 756 2822 placet)
768 2751 867 2801 nostra
880 2748 912 2799 25

75 2837 233 2896 videamus.

115 3029 233 3092 XXIII.
275 3029 375 3092 Nemo
387 3049 522 3110 unquam
532 3029 899 3106 miliissoiq'xoffixexw
