1934 3398
58 265 130 324 aa]
363 259 406 304 na
425 256 572 306 orsrcns.
855 242 894 302 80

56 420 119 466 tum
136 426 199 465 esse
212 417 315 483 potest,
330 407 407 482 quod
418 406 531 484 justitid
544 417 645 466 vacet
674 404 848 464 Praeclarum

58 506 149 582 igitur
182 504 312 561 Platonis
345 503 432 561 illud:
468 504 565 562 “Non
593 504 714 574 solum,”
743 501 847 576 inquit,

58 610 79 639 ‘⁶
92 601 224 671 scientia,
248 621 310 675 quae
333 610 376 657 est
397 610 509 658 remota
530 620 546 658 a
566 599 687 676 justitiis,
706 599 848 656 calliditas

56 698 155 774 potius
182 715 268 772 quam
295 695 436 771 sapientia
462 706 506 754 est
533 695 718 772 appellanda;
749 712 847 751 verum

57 794 147 851 etiam
169 793 281 849 animus
299 802 416 868 paratus
430 792 465 848 ad
479 785 649 868 periculum,
665 791 688 848 si
703 791 755 848 sut
770 791 848 867 cupi·
862 793 878 841 5

57 890 160 960 ditate,
174 907 233 946 non
247 889 370 946 utilitate
382 888 529 946 communi
539 888 704 964 impellitur,
720 887 848 944 audacio

56 985 156 1062 potius
169 1003 274 1041 nomen
289 985 403 1055 habeat,
415 1001 500 1058 quam
515 982 719 1040 fortitudinis.'’
748 981 848 1058 Itaque

57 1083 136 1140 viros
150 1081 246 1152 fortes,
261 1079 470 1158 magnanimos,
485 1078 602 1136 eosdem
622 1079 715 1136 bonos
734 1089 764 1136 et
783 1079 849 1136 sim·

56 1179 161 1256 plices,
176 1178 304 1235 veritatis
320 1176 439 1249 amicos,
453 1175 629 1250 minimeque
643 1155 771 1247 fallades
785 1193 848 1232 esse
887 1216 889 1219 ψ

57 1275 208 1333 volumus:
230 1294 294 1349 quae
308 1283 374 1331 sunt
387 1291 424 1330 ex
436 1272 532 1331 media
546 1272 631 1330 laude
643 1270 769 1347 justitiae.
864 1277 895 1327 10

99 1371 159 1428 Sed
179 1371 250 1428 illud
270 1370 404 1428 odiosum
426 1378 479 1442 est,
494 1369 580 1444 quod,
598 1368 628 1427 in
649 1368 706 1426 hac
726 1367 849 1426 elatione

57 1476 89 1524 et
116 1467 316 1544 magnitudine
344 1466 442 1538 animi,
470 1465 608 1524 facillime
633 1464 795 1542 pertinacia
820 1474 850 1522 et

58 1563 152 1621 nimia
166 1563 306 1639 cupiditas
319 1562 498 1640 principatfis
512 1561 679 1620 innascitur.
720 1560 760 1620 Ut
771 1560 850 1619 enim

59 1658 136 1734 apud
150 1658 300 1716 Platonem
314 1667 367 1729 est,
382 1675 497 1714 omnem
514 1654 651 1738 [morem]
667 1657 850 1714 Lacedaemo

58 1756 173 1814 niorum
195 1754 402 1812 inflammatum
429 1772 492 1810 esse
517 1753 674 1830 cupiditate
694 1753 895 1824 vincendi315

59 1853 114 1923 sic,
136 1862 168 1909 ut
188 1851 308 1926 quisque
330 1850 417 1908 animi
440 1850 639 1927 magnitudine
659 1850 783 1907 maxime
803 1868 850 1906 ex-

59 1948 151 2020 cellit,
174 1948 214 2005 ita
237 1947 361 2005 maxime
388 1947 449 2003 vult
474 1946 609 2023 princeps
636 1947 776 2018 omnium,
804 1946 849 2004 vel

57 2045 158 2122 potius
169 2045 255 2115 solus,
266 2063 338 2102 esse.
380 2043 507 2100 Difficile
522 2052 618 2099 autem
632 2053 684 2114 est,
700 2062 767 2100 cum
780 2062 851 2119 prae·

58 2152 138 2198 stare
165 2141 299 2197 omnibus
322 2139 515 2214 concupieris,
540 2157 653 2195 serrare
677 2139 850 2213 aequitatem,

58 2257 126 2312 quae
141 2246 185 2293 est
200 2237 317 2312 justitias
332 2236 456 2303 maxime
469 2234 593 2311 propria.
635 2233 681 2290 Ex
694 2253 751 2309 quo
764 2233 805 2306 fit,
821 2245 851 2292 ut
865 2235 897 2285 2⁰

60 2352 156 2408 neque
171 2332 378 2409 disceptatione
392 2331 469 2389 vinci
486 2350 527 2402 se,
541 2349 597 2388 nec
612 2330 671 2389 ullo
684 2330 803 2406 publico
817 2350 852 2390 ac

60 2431 193 2508 legitimo
211 2429 285 2505 jure,
299 2429 462 2505 patiantur:
484 2427 682 2502 exsistuntque
702 2427 732 2485 in
750 2429 853 2503 repub·

60 2527 122 2584 licat
144 2524 313 2602 plerumque
339 2525 489 2602 largitores
516 2534 545 2581 et
573 2524 697 2597 factiosi,
724 2534 757 2581 ut
783 2541 852 2600 opes

60 2641 150 2699 quam
174 2622 313 2680 maximas
336 2631 555 2697 consequantur,
578 2629 608 2678 et
629 2620 687 2678 sint
708 2621 736 2678 vi
756 2621 853 2696 potius

61 2719 237 2795 superiores,
252 2738 336 2794 quam
355 2718 467 2794 justitia
486 2737 578 2792 pares.
620 2716 689 2788 Sed,
706 2735 763 2792 quo
782 2717 854 2774 diffi-
867 2717 900 2767 25

60 2817 161 2888 cilius,
177 2815 233 2872 hoc
253 2815 434 2891 preclarius:
456 2814 568 2871 nullum
581 2823 626 2871 est
639 2814 717 2870 enim
731 2823 853 2890 tempus,

59 2912 141 2992 quod
152 2911 264 2989 justitid
278 2929 381 2969 vacare
395 2910 506 2969 debeat.

62 3058 65 3063 ,
103 3008 211 3070 Fortes
224 3007 312 3086 igitur
324 3017 354 3067 et
367 3008 545 3088 magnanimi
559 3017 627 3068 sunt
639 3007 865 3084 habendimcu,
