1904 3750
315 285 359 333 nn
379 285 583 334 annnorum.
849 274 890 334 23

56 432 232 491 defecerint:
255 433 309 490 etsi
340 433 395 492 ista
424 433 485 511 ipsa
505 432 631 492 defectio
651 432 755 490 virium
777 433 844 491 ado·

54 530 201 589 lescentiae
215 529 292 587 vitiis
306 531 427 589 efficitur
442 532 554 607 sapius,
570 549 655 606 quam
676 531 841 589 senectutis.

56 627 227 684 Libidinosa
246 628 353 684 etenim
374 637 403 685 et
426 628 620 703 intemperans
648 626 844 685 adolescentia

55 723 172 780 effetum
187 742 291 798 corpus
305 724 392 781 tradit
406 723 557 782 senectuti.
889 794 891 798 Ι

95 820 189 895 Cyrus
203 819 329 895 quidem,
346 821 420 895 apud
435 820 672 895 Xenophontem,
687 838 723 877 eo
737 838 843 877 sermo-
857 836 874 886 5

55 934 102 987 ne,
118 935 203 991 quem
223 916 350 972 moriens
371 916 480 987 habuit,
496 934 562 973 cum
584 916 737 973 admodum
756 935 844 974 senex

54 1021 140 1083 esset,
152 1021 239 1089 negat
253 1031 284 1069 se
294 1031 421 1086 unquam
432 1012 555 1068 sensisse
570 1022 748 1069 senectutem
763 1031 844 1070 suam

55 1107 274 1166 imbecilliorem
289 1109 404 1179 factam,
426 1127 511 1183 quam
526 1108 722 1165 adolescentia
735 1109 835 1165 suisset

55 1203 120 1280 Ego
135 1204 167 1262 L.
183 1204 334 1262 Metellum
355 1205 483 1276 memini,
498 1222 578 1280 puer,
601 1202 674 1280 (qui,
690 1223 756 1260 cum
778 1223 845 1278 qua·

55 1300 188 1357 driennio
200 1311 266 1376 post
281 1302 402 1358 alterum
417 1301 599 1358 consulatum
612 1300 743 1377 pontifex
756 1299 844 1356 maxi·
860 1308 890 1356 1⁰

55 1416 119 1454 mus
134 1397 226 1454 factus
247 1407 332 1468 esset,
347 1398 447 1475 viginti
469 1410 498 1454 et
511 1398 585 1455 duos
606 1415 697 1454 annos
710 1397 737 1453 ei
752 1415 845 1454 sacer-

55 1493 136 1550 dotio
158 1494 286 1573 praefuit)
312 1495 352 1551 ita
378 1494 463 1551 bouis
490 1512 553 1551 esse
580 1493 689 1551 viribus
716 1503 844 1551 extremo

55 1599 184 1664 tempore
200 1590 301 1661 eratis,
316 1600 348 1648 ut
363 1591 587 1648 adolescentiam
602 1610 661 1648 non
675 1590 842 1665 requireret.

55 1685 139 1743 Nihil
154 1705 274 1744 necesse
288 1697 331 1744 est
344 1687 415 1744 mihi
430 1688 466 1744 de
481 1707 527 1746 me
542 1687 604 1764 ipso
618 1686 731 1744 dicere:
747 1706 845 1763 quam-

56 1801 142 1856 quam
156 1783 242 1839 estid
257 1783 373 1858 quidem
393 1784 495 1856 senile,
510 1784 645 1859 retatique
659 1795 762 1842 nostrae
777 1803 845 1842 con·
860 1799 891 1848 15

56 1877 176 1936 ceditur.

95 2069 133 2127 X.
176 2070 337 2144 Videtisne,
359 2086 391 2130 ut
412 2072 487 2148 apud
508 2071 670 2130 Homerum
690 2071 845 2147 sepissime

55 2165 164 2223 Nestor
180 2167 215 2223 de
226 2167 379 2226 virtutibus
394 2169 453 2226 suis
466 2169 624 2244 praedicetl
639 2168 753 2226 tertiam
768 2168 846 2225 enim

60 2263 120 2339 jem
148 2272 259 2319 aetatem
296 2263 445 2322 hominum
473 2264 605 2322 vivebat:
639 2282 696 2321 nec
724 2273 785 2321 erat
819 2263 846 2319 ei
922 2261 939 2285 ⁴

55 2359 222 2430 verendum,
250 2378 297 2431 ne,
325 2379 393 2418 vera
419 2361 455 2416 de
489 2380 521 2417 se
553 2360 725 2437 praedicans,
760 2359 846 2416 nimis
861 2375 893 2426 ρο

55 2455 199 2512 videretur
222 2465 270 2512 aut
290 2455 417 2513 insolens
439 2466 487 2514 aut
507 2456 620 2532 loquax.
662 2455 779 2513 Etenim
801 2453 847 2531 (ut

57 2551 97 2608 ait
131 2551 291 2630 Homerus)
324 2572 359 2609 ex
389 2553 450 2628 ejus
484 2552 584 2630 lingud
617 2553 703 2610 melle
734 2550 847 2609 dulcior

57 2646 165 2704 fluebat
179 2647 288 2717 oratio;
305 2667 390 2723 quam
406 2649 441 2706 ad
456 2649 624 2706 suavitatem
643 2648 729 2705 nullis
744 2647 848 2724 egebat

57 2744 187 2819 eorporis
214 2745 338 2801 viribus:
374 2755 402 2800 et
435 2754 533 2801 tamen
560 2745 618 2802 dux
651 2744 700 2801 ille
726 2743 847 2801 Graeciae

56 2857 198 2914 nusquam
219 2849 308 2915 optat,
324 2849 356 2896 ut
370 2840 471 2915 Ajacis
492 2840 600 2897 similes
614 2840 720 2897 habeat
734 2839 846 2912 decem,
861 2843 894 2893 25

57 2944 86 2992 at
106 2946 139 2992 ut
158 2934 309 3005 Nestoris;
331 2936 407 3010 quod
428 2935 453 2992 si
474 2936 623 3009 acciderit,
644 2955 703 2995 non
725 2937 854 3005 dubitat„

56 3030 127 3106 quin
141 3031 220 3091 brevi
235 3031 327 3112 Troja
340 3031 378 3092 sit
396 3031 539 3113 peritura.
