1904 3750
115 353 118 357 y
211 280 351 339 nntius,
369 280 445 326 srva
467 279 511 327 nn
532 279 690 327 amolum
864 269 904 329 93

56 447 122 487 mus
136 446 242 504 capere
254 429 407 506 potuisset,
421 429 447 487 si
461 429 667 506 Lycomedem,
679 428 756 504 apud
769 447 856 505 quem

54 537 119 584 erat
142 527 295 599 educatus,
320 527 419 584 multis
441 546 508 585 cum
535 526 672 603 lacrymis
694 526 748 584 iter
771 546 855 585 suum

56 623 274 701 impedientem,
286 624 386 682 audire
396 624 543 683 voluisset.
585 624 624 681 Et
635 643 711 700 saepe
722 624 856 682 incidunt

56 740 240 799 magnares,
256 732 287 779 ut
301 722 511 779 discedendum
527 721 564 779 sit
586 722 622 780 ab
643 722 761 792 amicis;
783 741 855 797 quas

56 820 107 894 qui
129 819 269 895 impedire
290 819 360 891 vult,
383 819 460 893 quod
485 818 661 877 desiderium
684 838 744 876 non
769 819 886 883 facile5

57 917 140 988 ferat,
155 916 180 974 is
194 927 223 974 et
244 916 373 973 infirmus
392 926 446 987 est,
460 915 614 990 mollisque
634 916 801 989 naturd,=et,
816 918 854 975 ob

53 1033 121 1071 eam
146 1013 235 1089 ipsam
257 1032 384 1084 causam,
408 1013 439 1070 in
465 1012 593 1070 amicitiai
619 1031 720 1088 parum
749 1013 860 1090 justus,

56 1111 155 1185 Atque
177 1110 206 1167 in
228 1109 307 1169 omni
334 1129 365 1167 re
388 1109 631 1167 considerandum
653 1119 707 1181 est,
732 1120 761 1167 et
784 1111 854 1185 quid

52 1207 184 1284 postules
199 1209 235 1265 ab
251 1207 356 1279 amico,
367 1217 397 1264 et
411 1207 481 1282 quid
494 1207 605 1282 patiare
621 1217 680 1265 ate
694 1207 851 1284 impetrari.

94 1401 181 1461 XXI.
224 1401 278 1459 Est
291 1402 379 1460 etiam
394 1401 477 1476 quasi
498 1401 631 1476 quadam
651 1401 801 1460 calamitas
822 1400 900 1460 in10

54 1499 192 1557 amicitiis
221 1499 400 1556 dimittendis
427 1517 638 1574 nonnunquam
670 1499 852 1558 necessaria:

55 1594 116 1673 jam
134 1596 244 1655 enim'a
258 1596 433 1672 sapientium
447 1596 690 1655 familiaritatibus
707 1597 742 1654 ad
756 1597 854 1675 vulga·

54 1711 103 1751 res
117 1693 260 1751 amicitias
274 1694 368 1751 oratio
382 1705 481 1752 nostra
494 1694 646 1754 delabitur.
688 1693 853 1771 Erumpunt

53 1808 132 1866 saepe
148 1791 217 1848 vitia
230 1791 400 1864 amicorum,
416 1811 483 1850 cum
504 1793 534 1850 in
555 1792 638 1869 ipsos
655 1792 775 1865 amicos,
790 1803 853 1851 tum
900 1840 904 1846 .

55 1885 87 1944 iu
107 1886 233 1956 alianos;
255 1907 377 1963 quorum
398 1898 496 1946 tamen
517 1889 553 1946 ad
578 1889 688 1947 amicos
710 1890 853 1948 redundet
869 1895 900 1944 15

56 1982 183 2041 infamia
225 1983 315 2042 Tales
339 1984 427 2062 igitur
442 1985 577 2043 amicitiae
596 1995 663 2043 sunt
683 1986 852 2044 remissione

55 2079 126 2137 usias
157 2080 298 2152 eluenda,
321 2092 350 2139 et
376 2082 422 2159 (ut
452 2081 595 2139 Catonem
619 2082 716 2139 dicere
742 2083 852 2162 andivi)

52 2176 217 2235 dissuenda
238 2178 340 2256 magis,
355 2197 441 2252 quam
462 2177 679 2236 discindenda:
700 2178 757 2235 uisi
778 2198 854 2252 quac·

52 2274 122 2331 dam
145 2275 299 2332 admodum
321 2275 510 2332 intolerabilis
531 2275 636 2350 injuria
655 2275 803 2346 exarserit,
821 2285 853 2332 ut

55 2389 150 2446 neque
174 2382 287 2428 rectum
312 2391 407 2446 neque
431 2372 585 2429 honestum
607 2372 653 2442 sit,
675 2390 769 2446 neque
790 2372 853 2430 fieri
868 2383 900 2432 20

53 2469 156 2544 possit,
171 2479 203 2526 ut
218 2486 276 2526 non
290 2469 388 2526 statim
404 2468 541 2526 alienatio
555 2467 770 2544 disjunctioque
784 2468 852 2527 faci·

51 2565 132 2623 enda
145 2564 191 2624 sit.

96 2663 150 2720 Sin
166 2673 262 2721 autem
280 2680 393 2720 morum
416 2672 465 2720 aut
486 2662 648 2720 studiorum
663 2672 853 2720 commutatio

54 2761 187 2835 quaedam
203 2758 250 2838 (ut
266 2760 327 2816 fieri
349 2759 435 2838 solet)
452 2759 531 2816 facta
550 2758 615 2831 erit,
631 2769 680 2816 aut
694 2759 724 2816 in
739 2760 849 2836 reipub

54 2855 120 2913 licre
133 2855 263 2932 partibus
275 2854 417 2912 dissensio
432 2854 629 2912 intercesserit
643 2854 759 2931 (loquor
774 2857 852 2916 enim
867 2861 899 2910 25

58 2953 129 3029 jam,
144 2964 176 3012 ut
197 2953 284 3030 paulo
300 2961 366 3010 ante
387 2951 457 3023 dixi,
472 2970 532 3010 non
547 2952 583 3010 de
602 2953 791 3029 sapientium,
800 2955 859 3010 aad

50 3049 94 3107 de
114 3050 327 3125 communibus,
352 3049 525 3135 amicitiis),
548 3051 725 3113 cauendum
746 3047 825 3114 aaa,
840 3058 890 3094 Ὦ
