1904 3750
50 252 113 315 nu
362 249 405 296 on
423 249 569 298 orncrrs.
859 242 899 302 87

52 403 214 483 gregabilia
233 400 344 460 nature
365 400 431 474 sint,
448 402 561 480 fingunt
581 401 676 474 favos3
699 401 741 462 sic
762 403 853 462 homi·

52 520 110 574 nes,
133 520 170 559 ac
191 500 288 558 multo
310 498 399 556 etiam
420 500 520 576 magis,
543 502 646 558 natural
672 503 851 580 congregati,

55 598 193 655 adhibent
222 595 332 673 agendi
361 595 563 672 cogitandique
591 597 743 656 solertiam.
796 599 853 656 lta-

55 713 118 768 que,
139 692 200 751 nisi
221 712 259 750 ea
278 693 381 764 virtus,
403 712 465 768 quoe
489 703 603 751 constat
627 713 663 751 ex
686 695 852 753 hominibus

55 791 180 862 tuendis,
210 789 241 847 id
270 799 325 860 est,
355 807 391 845 ex
417 790 555 848 societate
582 793 697 868 generis
723 793 884 864 humani,5

57 888 179 965 attingat
199 886 400 964 cognitionem
420 906 525 959 rerum,
541 888 667 965 solivaga
681 890 809 966 cognitio
824 901 853 946 et

54 983 151 1060 jejuna
185 985 328 1041 videatur.
383 982 514 1059 Itemque
548 985 717 1061 magnitudo
753 986 851 1058 animi,

56 1082 164 1140 remota
193 1080 405 1138 communitate
430 1080 691 1158 conjunctioneque
716 1082 852 1152 humana,

57 1178 154 1236 feritas
182 1178 220 1235 sit
248 1177 382 1252 quaedam
410 1188 439 1234 et
467 1177 639 1235 immanitas.
681 1176 727 1234 Ita
753 1177 794 1246 fit,
822 1188 853 1234 ut

57 1274 154 1332 vincat
168 1272 347 1352 cognitionis
361 1273 486 1331 studium
506 1273 685 1332 consociatio
706 1273 853 1330 hominum
871 1277 901 1324 1⁰

59 1380 142 1446 atque
157 1370 364 1428 communitas.

95 1466 163 1524 Nec
189 1485 290 1523 verum
321 1474 374 1537 est,
401 1466 477 1541 quod
506 1466 612 1524 dicitur
634 1486 650 1524 a
670 1466 852 1543 quibusdam,

58 1574 171 1641 propter
192 1561 400 1621 necessitatem
420 1563 495 1634 vite,
510 1564 586 1639 quod
606 1583 650 1636 ea,
665 1585 729 1640 quae
749 1575 853 1622 natura

59 1659 245 1731 desideraret,
267 1658 409 1733 consequi
436 1660 498 1716 sine
524 1660 595 1732 aliis,
618 1672 701 1738 atque
726 1663 851 1733 efficere,

58 1775 112 1816 nou
125 1775 292 1834 possemus,
305 1755 415 1814 idcirco
429 1757 512 1813 istam
526 1776 589 1814 esse
604 1778 671 1816 cum
685 1759 852 1816 hominibus
868 1759 899 1808 15

59 1853 298 1911 communitatem
319 1860 349 1908 et
369 1853 545 1911 societatem.
596 1856 687 1916 Quod
708 1856 732 1913 si
755 1856 853 1913 omnia

58 1950 151 2020 nobis,
165 1967 231 2024 quae
247 1947 284 2004 ad
298 1947 405 2003 victum
420 1949 587 2024 cultumque
600 1951 755 2025 pertinent,
770 1952 852 2026 quasi

56 2045 167 2124 virgula
196 2044 307 2116 divine,
328 2054 360 2101 ut
385 2045 474 2116 aiunt,
496 2046 761 2122 suppeditarentur3
790 2057 851 2104 tum

56 2144 165 2219 optimo
187 2141 311 2217 quisque
332 2140 460 2218 ingenio,
474 2141 600 2218 negotiis
619 2143 753 2199 omnibus
767 2140 852 2198 omis-

20 2223 25 2232 ·
56 2239 104 2312 sis,
117 2249 213 2298 toturn
229 2256 260 2294 se
275 2237 306 2294 in
321 2238 488 2314 cognitione
502 2250 531 2294 et
546 2237 668 2294 scientia
685 2237 849 2295 collocaret.
866 2242 898 2292 20

56 2335 123 2395 Non
150 2345 197 2393 est
225 2334 284 2392 ita:
312 2353 378 2391 narn
406 2344 435 2391 et
463 2333 646 2391 solitudinem
674 2333 794 2410 sugeret,
822 2343 851 2390 et

55 2433 169 2490 socium
184 2431 275 2489 studii
289 2442 444 2506 quaereret:
466 2441 527 2488 turn
541 2431 655 2501 docere,
668 2439 726 2486 turn
739 2429 851 2486 discere

55 2529 150 2602 vellet,
179 2539 243 2585 tum
273 2527 383 2598 audire,
411 2538 472 2584 turn
500 2527 607 2583 dicere.
656 2525 736 2601 Ergo
765 2542 850 2581 omne

55 2625 195 2696 officium,
218 2621 297 2697 quod
319 2622 354 2679 ad
380 2622 613 2698 conjunctionem
640 2620 800 2692 hominum,
821 2631 850 2678 et

56 2721 90 2778 ad
105 2721 280 2778 societatem
301 2716 437 2775 tuendam
459 2718 542 2791 ualet,
559 2716 789 2793 anteponendum
806 2729 849 2776 est
864 2721 896 2771 25

56 2816 96 2875 illi
123 2817 235 2891 officio,
256 2815 335 2893 quod
363 2814 528 2892 cognitione
555 2826 584 2873 et
611 2815 733 2873 scientia
760 2812 850 2876 conti·

55 2923 148 2975 netur.
