1904 3750
55 242 119 304 aa]
361 234 406 281 na
426 234 573 283 osricus.
862 227 900 288 41

57 386 213 463 inpriore:
237 384 268 443 in
284 403 320 442 eo
334 385 415 443 enim
429 395 473 442 est
494 385 575 458 illud,
589 386 664 460 qnod
679 385 855 444 excellentes

58 484 178 554 animos,
194 493 225 540 et
246 482 377 540 bumana
393 491 622 554 contemnentes,
639 481 715 541 facit.
756 481 792 538 Id
807 500 855 540 au-

56 589 111 636 tem
135 579 235 655 ipsum
258 577 389 636 cernitur
411 577 442 635 in
464 576 586 645 duobus,
603 577 627 635 si
651 588 679 635 et
699 579 791 636 solum
812 578 853 651 id,

56 677 131 749 quod
151 676 310 733 honestum
332 675 379 745 sit,
395 673 504 731 bonum
521 670 644 751 judices,
659 684 688 732 et
701 674 780 733 omni
795 675 854 732 ani·

57 772 94 828 mi
118 771 342 847 perturbatione
369 770 442 827 liber
469 771 516 828 sis
560 770 637 829 Nam
664 781 693 829 et
720 790 765 843 ea,
789 760 883 846 quae5

56 868 164 924 eximia
182 866 331 943 plerisque
346 876 377 922 et
396 866 536 942 preclara
549 867 690 938 videntur,
701 885 790 944 parva
803 866 854 924 du·

58 982 132 1037 cere,
148 982 243 1038 eaque
257 963 374 1020 ratione
388 962 482 1020 stabili
497 963 636 1037 firmique
654 973 853 1036 contemnere,

59 1060 137 1117 fortis
153 1060 244 1117 animi
259 1059 418 1136 magnique
433 1058 599 1116 ducendum
609 1068 672 1115 est:
693 1069 722 1116 et
734 1077 780 1130 ea,
790 1078 853 1135 quae
899 1045 901 1049 ,

59 1157 187 1214 ridentur
204 1157 322 1227 acerba,
335 1146 413 1232 (quae
424 1156 514 1213 multa
524 1165 553 1213 et
566 1155 646 1212 varia
660 1155 689 1212 in
704 1155 852 1212 hominum

59 1253 113 1310 vitia
136 1253 313 1329 fortunisque
336 1254 499 1332 versantur)
520 1253 561 1310 ita
584 1252 669 1323 ferre,
684 1260 717 1308 ut
739 1250 811 1307 nihil
837 1256 899 1308 alb

59 1360 129 1406 statu
144 1361 258 1407 naturae
273 1348 419 1420 discedas,
430 1349 502 1407 nihil
519 1368 535 1406 a
548 1348 690 1426 dignitate
704 1346 851 1424 sapientis,

59 1447 166 1504 robusti
183 1446 275 1504 animi
289 1455 345 1516 est,
360 1463 527 1522 magumque
541 1445 721 1504 constantie.

94 1543 162 1601 Non
184 1553 230 1600 est
254 1553 352 1599 autern
374 1553 609 1615 consentaneum,
623 1543 672 1619 qui
693 1552 772 1600 metu
792 1561 851 1601 nou

60 1639 215 1717 frangatur,
231 1657 299 1696 eum
315 1638 410 1715 frangi
425 1639 598 1714 cupiditate;
620 1645 686 1710 nec,
700 1639 749 1716 qui
763 1639 852 1698 invic-

59 1745 115 1792 tum
135 1755 169 1794 se
194 1755 211 1794 a
231 1736 335 1792 labore
357 1735 531 1810 prostiterit,
556 1736 634 1793 vinci
660 1736 850 1812 avolnptate.
867 1744 898 1794 15

59 1831 259 1894 Quamobrem
274 1840 304 1889 et
319 1832 383 1888 baec
393 1831 526 1904 videnda,
535 1842 565 1889 et
574 1832 706 1908 pecunie
715 1832 852 1909 fugienda
899 1872 902 1876 ,

60 1930 209 2005 cupiditas.
252 1927 338 1985 Nihil
365 1927 443 1985 enim
466 1938 510 1986 est
532 1938 591 1986 tam
615 1929 728 2006 angusti
751 1929 851 2001 animi,

59 2035 171 2102 tamque
185 2024 279 2101 parvi,
295 2043 382 2098 quarn
403 2042 499 2081 amare
513 2024 642 2094 divitias3
661 2025 734 2083 nihil
750 2025 852 2082 hones·

58 2122 121 2195 tius,
136 2120 444 2200 magnificentiusque,
457 2141 542 2196 quam
555 2121 710 2199 pecuniam
725 2129 852 2177 contem·

59 2236 132 2291 nere,
148 2219 173 2276 si
189 2237 252 2275 non
268 2217 394 2287 habeas3
416 2217 440 2274 si
454 2217 570 2288 habeas,
583 2218 618 2274 ad
630 2215 851 2273 beneficentiam
865 2225 897 2274 20

59 2313 319 2387 liberalitatemque
347 2313 488 2370 conferre.
530 2312 668 2371 Cavenda
695 2319 739 2368 est
764 2310 851 2367 etiam

59 2411 153 2486 gloriae
183 2408 342 2486 cupiditas,
371 2420 403 2467 ut
429 2429 515 2486 supra
542 2408 610 2466 dixi.
653 2407 747 2483 Eripit
774 2405 852 2462 enim

59 2506 232 2576 libertatem,
245 2523 298 2580 pro
307 2505 363 2580 quia
377 2505 569 2582 magnanimis
579 2504 648 2561 viris
661 2502 755 2561 omnis
766 2501 852 2559 debet

59 2621 118 2660 esse
133 2600 298 2660 contentio.
339 2602 369 2659 N
371 2621 406 2658 ec
416 2621 483 2660 vero
494 2601 615 2677 imperia
624 2598 793 2676 expetenda,
805 2617 850 2670 ac,

59 2700 161 2773 potins,
186 2707 238 2755 aut
259 2716 316 2754 non
338 2697 508 2773 accipienda
528 2697 682 2768 interdum,
698 2704 747 2754 aut
765 2695 852 2771 depo-
864 2703 897 2754 25

59 2794 154 2851 nenda
167 2810 386 2867 nonnunquam.

95 2887 276 2947 Vacandum
285 2889 518 2948 autemestomni
528 2888 616 2947 animi
624 2885 850 2964 perturbatione,

59 2993 120 3044 tam
133 2982 296 3060 cupiditate
308 2995 338 3044 et
350 2994 441 3060 metu,
456 2996 519 3050 tum
529 2984 622 3051 etiam
633 2984 867 3073 aegritudinem

266 3080 286 3139 4
297 3080 315 3117 U
