1934 3398
87 216 145 275 148
421 225 464 273 nn
486 225 631 274 osricus.
824 226 864 288 [n.
873 227 919 274 nr.

129 383 257 431 nostram
284 373 504 451 intelligentiam
532 375 620 446 eadit,
640 375 779 433 tuendum
804 394 922 434 oonser·

130 471 312 546 randumque
339 483 381 528 est
409 473 503 544 nobis,
527 492 612 548 quarn
640 473 679 544 id,
702 473 779 548 quod
805 474 920 550 proprie

130 567 246 639 dicitur,
262 587 385 643 vereque
398 579 442 625 est
456 570 619 640 honestum,
634 571 818 644 sapientibus.
856 571 920 628 Ali-

129 671 173 720 ter
193 665 270 720 enim
290 665 382 722 teneri
402 684 461 722 non
481 676 585 740 potest,
600 666 625 723 si
645 685 701 741 qua
721 677 764 723 est
782 667 817 724 ad
831 667 920 724 virtu·

99 765 188 816 litem
209 762 285 817 facta
304 762 477 837 progressio.
519 763 577 818 Sed
598 762 661 818 hmo
681 763 797 836 quidem
818 764 856 820 de
872 763 919 835 iis,

129 857 177 932 qui
199 857 418 914 conservatione
438 858 597 915 officiorum
619 858 816 915 existimantur
838 860 918 917 boni.

168 954 231 1015 Qui
252 964 348 1011 autem
368 954 466 1012 omnia
487 955 644 1012 metiuntur
667 955 868 1012 emolumentis
889 967 919 1013 et

130 1051 297 1123 commodis,
311 1069 406 1126 neque
419 1069 455 1108 ea
467 1051 567 1108 volunt
587 1051 798 1126 praeponderari
815 1052 920 1109 hones-

129 1157 197 1219 tate,
220 1147 250 1204 hi
270 1148 374 1218 solent,
395 1147 425 1204 in
453 1147 649 1219 deliberando,
670 1147 821 1205 honestum
848 1167 918 1206 oum

83 1251 114 1301 10
129 1263 175 1315 eo,
190 1244 266 1318 quod
286 1243 356 1302 utile
375 1253 487 1319 putant,
502 1263 685 1318 comparare:
707 1244 775 1301 boni
789 1244 842 1301 viri
855 1263 917 1303 non

128 1340 230 1398 solent.
271 1339 372 1414 Itaque
386 1340 532 1411 existimo,
542 1338 716 1411 Penatium,
731 1359 798 1398 oum
812 1341 919 1398 dixerit

128 1436 261 1493 homines
283 1435 376 1493 solere
398 1436 428 1492 in
449 1438 503 1493 hac
531 1437 745 1512 comparatione
772 1437 916 1510 dubitare,

128 1531 184 1590 hoo
204 1533 297 1606 ipsum
318 1532 452 1604 sensisse,
473 1534 548 1607 quod
570 1534 684 1605 dixerit,
704 1533 799 1590 solere
817 1536 916 1606 modo,

127 1645 184 1685 non
205 1628 292 1685 etiam
315 1639 463 1705 oportere:
492 1629 599 1686 etenim
626 1649 686 1687 non
712 1631 799 1687 modo
824 1630 917 1705 pluris

82 1730 113 1778 15
127 1733 228 1799 putare
248 1725 323 1799 quod
351 1725 421 1782 utile
442 1725 581 1796 videatur,
603 1745 688 1800 quam
709 1727 785 1800 quod
814 1727 917 1783 hones·

128 1829 204 1890 tum;
230 1822 279 1877 sed
301 1821 363 1878 haeo
384 1822 471 1878 etiam
492 1823 565 1879 inter
586 1841 617 1878 se
638 1841 813 1897 comparare,
835 1833 864 1880 et
885 1823 916 1881 in

127 1915 172 1972 his
188 1916 364 1989 addubitare,
376 1919 571 1994 turpissimum
588 1928 640 1975 est.
680 1919 762 1980 Quid
777 1930 819 1976 est
833 1939 916 1997 ergo,

127 2013 202 2088 quod
223 2032 430 2089 nonnunquam
450 2015 660 2072 dubitationem
685 2015 785 2072 afferre
812 2016 916 2089 soleat,

127 2110 425 2187 considerandumque
446 2113 596 2170 videatur?
637 2111 741 2182 Credo,
756 2112 780 2168 si
798 2113 917 2186 quando

80 2216 112 2266 20
127 2207 268 2265 dubitatio
289 2208 405 2279 accidit,
426 2210 510 2284 quale
530 2208 567 2265 sit
587 2209 627 2278 id,
648 2208 684 2264 de
705 2226 762 2282 quo
783 2208 916 2265 conside·

126 2313 213 2361 retur.

166 2399 249 2474 Saepe
268 2400 346 2457 enim
366 2411 495 2477 tempore
518 2402 559 2472 fit,
580 2411 622 2471 ut,
643 2402 719 2475 quod
745 2401 914 2478 plerumque

125 2505 208 2570 turpe
229 2496 327 2553 haberi
348 2498 448 2567 soleat,
470 2498 631 2554 inveniatur
654 2516 713 2554 non
737 2517 800 2554 esse
819 2507 912 2573 turpe.

126 2590 258 2667 Exempli
286 2593 385 2663 causti,
413 2604 533 2668 ponatur
568 2593 685 2668 aliquid,
713 2594 790 2668 quod
816 2603 915 2669 pateat

79 2687 219 2750 251atius.
260 2687 351 2750 Quod
372 2698 465 2764 potest
492 2689 584 2764 majus
610 2709 673 2746 esse
700 2690 805 2761 scelus,
827 2708 914 2765 quam

125 2802 184 2841 non
199 2784 286 2841 modo
300 2785 455 2855 hominem,
471 2786 622 2842 sedetiam
639 2786 808 2843 familiarem
823 2785 915 2843 bomi-

57 2891 60 2895 '
125 2897 202 2951 nem,
217 2880 373 2938 oooiderel
412 2880 492 2938 Num
513 2881 600 2958 igitur
620 2900 651 2938 se
674 2882 804 2938 astrinxit
824 2881 915 2939 seele-

126 2992 166 3046 re,
178 2975 277 3051 siquis
290 2985 443 3052 tyrannum
454 2977 573 3050 oceidit,
584 2978 714 3052 quamvis
724 2977 915 3039 familiareml
