1904 3750
242 286 381 348 amarus,
400 287 475 335 srva
494 288 539 334 nn
558 286 716 335 nmcmm.
877 278 917 337 89

76 433 134 493 Est
160 435 237 492 enim
262 436 329 493 boni
354 436 407 494 viri
433 435 534 514 (quem
562 436 688 494 eundem
711 435 870 511 sapientem

75 531 149 590 licet
170 533 281 613 dicere)
305 532 368 590 haec
390 533 447 592 duo
470 543 570 592 tenere
592 533 623 591 in
645 533 792 590 amicitia:
813 533 871 608 pri·

76 647 169 700 anum,
184 629 290 705 nequid
304 630 403 686 fictum
417 630 464 702 sit,
479 648 552 686 neve
572 629 738 688 simulatum
759 628 871 707 (aperte

79 724 157 780 enim
177 724 221 782 vel
242 725 347 796 odisse,
363 725 454 802 magis
468 725 587 801 ingenui
608 735 661 797 est,
676 744 760 801 quam
777 725 871 782 fronte

78 820 226 878 occultare
241 821 444 900 sententiam);
467 820 581 893 deinde,
593 840 653 878 non
666 821 760 889 solum
776 822 811 878 ab
823 821 901 880 ali-5

77 934 137 990 quo
152 917 251 974 allatas
273 917 488 975 criminationes
502 917 649 992 repellere,
665 917 763 974 sedne
777 918 871 994 ipsum

76 1013 194 1087 quidem
215 1031 278 1070 esse
298 1014 500 1089 suspiciosum,
515 1032 627 1088 semper
648 1013 757 1088 aliquid
776 1015 872 1072 existi·

76 1119 206 1166 mantem
221 1111 256 1167 ab
272 1110 364 1168 amico
378 1129 441 1166 esse
456 1109 600 1167 violatum.

120 1205 253 1263 Accedat
276 1207 334 1264 huc
355 1207 479 1263 suavitas
503 1206 643 1280 quadam,
668 1216 790 1282 oportet,
815 1226 872 1263 rer·

79 1321 195 1359 monum
220 1314 304 1377 atque
332 1322 453 1373 morum,
478 1302 698 1378 haudqudquam
725 1303 917 1369 mediocrem
943 1336 947 1345 ·

77 1399 296 1456 condimentum
319 1399 461 1458 amicitiae.
502 1398 637 1456 Tristitia
665 1410 770 1471 autern,
791 1409 821 1457 et
841 1399 871 1456 in

77 1495 158 1552 omni
182 1514 213 1552 re
237 1496 382 1567 severitas,
395 1495 481 1553 habet
495 1495 544 1552 illa
557 1495 673 1570 quidem
686 1497 870 1573 gravitatem:

74 1591 130 1648 sed
145 1591 272 1649 amicitia
292 1591 437 1650 remissior
455 1610 519 1649 esse
540 1591 636 1664 debet,
650 1602 680 1649 et
699 1592 827 1665 liberior,
842 1603 871 1650 et

78 1687 202 1759 dulcior,
221 1689 297 1745 etad
318 1706 432 1745 omnem
454 1689 621 1746 comitatem
644 1688 871 1764 facilitatemque

77 1783 241 1858 proclivior.
886 1793 917 1843 15

116 1974 205 2033 XIX.
231 1976 351 2034 Exsistit
362 1988 456 2035 autem
466 1977 522 2035 hoc
532 1977 599 2034 loco
609 1978 739 2052 quaedam
750 1977 870 2052 quaestio

76 2071 276 2130 subdifficilis:
298 2093 367 2131 num
381 2075 497 2149 quando
516 2073 602 2131 amici
616 2073 694 2144 novi,
706 2073 787 2149 digni
802 2073 871 2129 ami·

77 2168 160 2240 citit,
174 2165 318 2227 veteribus
332 2170 390 2227 sint
405 2169 608 2245 anteponendi,
623 2179 655 2226 ut
674 2170 756 2243 equis
769 2168 871 2225 vetulis

79 2274 195 2322 teneros
225 2277 398 2342 anteponere
423 2267 568 2325 solemusl
608 2264 732 2341 Indigna
755 2264 871 2322 homine

80 2361 238 2418 dubitatio:
268 2362 424 2419 nonenim
454 2361 643 2419 amicitiarum
667 2365 734 2437 ess'e‘
755 2360 870 2439 debent,
886 2373 918 2422 20

78 2457 155 2515 sicut
170 2458 289 2515 aliarum
304 2477 408 2531 rerum,
424 2458 578 2516 satietates.
620 2457 785 2515 Veterrima
798 2476 873 2532 quae·

80 2572 136 2627 que
158 2553 205 2630 (ut
234 2573 269 2612 ea
291 2555 367 2626 vina,
389 2575 452 2630 quae
476 2564 647 2612 vetustatem
676 2554 784 2633 ferunt)
809 2571 873 2610 esse

80 2648 186 2706 debent
215 2651 399 2708 suavissima:
431 2669 586 2726 verumque
619 2649 690 2707 illud
716 2660 770 2721 est,
797 2649 872 2725 quod

81 2745 199 2818 dicitur,
214 2746 321 2803 multos
339 2746 450 2804 modios
472 2746 540 2803 salis
558 2746 643 2803 simul
656 2747 784 2803 edendos
797 2764 871 2819 esse,

79 2853 112 2899 ut
127 2843 264 2900 amicitiae
285 2861 390 2899 munus
407 2843 552 2918 expletum
572 2842 617 2900 sit.
659 2841 810 2900 Novitates
825 2863 872 2902 au·
886 2853 918 2902 25

80 2946 149 3009 tem,
163 2937 189 2995 si
206 2955 286 3013 spern
303 2936 434 3010 afferunt,
450 2947 490 3010 ut,
502 2947 638 3013 tanquam
652 2937 682 2996 in
702 2938 800 2997 herbis
812 2957 878 2995 non

79 3031 240 3108 fallacibus,
253 3033 365 3093 fructus
381 3045 533 3116 appareat,
541 3053 608 3096 non
619 3033 771 3095 auntibe
777 3028 910 3102 numam

253 3169 255 3173 ,
314 3129 360 3190 81
