1904 3750
47 234 126 296 nm]
344 235 388 284 us
408 235 553 285 orsrcns.
833 206 895 286 Μ’

50 385 190 442 adurebat
203 385 355 461 capillum,
395 370 717 448 Quidl'Alexandrum
734 384 847 444 Phere-

49 502 98 539 um
133 501 192 558 quo
229 483 328 540 auimo
356 482 459 542 vixisse
488 483 677 541 arbitramurl
711 484 769 559 qui,
800 481 846 562 (ut

51 581 193 654 scriptum
220 579 360 659 legimus)
389 598 456 638 curn
489 599 608 637 uxorem
642 580 766 638 Theben
799 581 847 638 ad-

52 677 171 733 modum
196 676 344 753 diligeret,
364 685 470 749 tamen,
493 678 528 734 ad
556 697 620 736 eam
647 668 683 735 ex
709 677 801 754 epulis
816 677 847 735 in

53 773 222 831 cubiculum
244 773 375 844 veniens,
396 775 559 847 barbarum,
580 784 609 832 et
635 793 701 832 eum
730 775 877 849 quidem5

54 868 99 946 (ut
120 870 263 945 seriptum
285 872 343 949 est)
366 882 572 947 compunctum
591 873 668 929 notis
688 872 846 944 Threiciis,

54 967 194 1025 destricto
208 967 307 1044 gladio
321 967 441 1043 jubebat
456 968 581 1026 anteire:
603 969 849 1044 praemittebatque

54 1064 89 1121 de
117 1064 308 1140 stipatoribus
336 1064 404 1136 suis,
433 1065 482 1140 qui
509 1074 705 1122 scrutarentur
736 1065 849 1122 arculas

55 1161 220 1232 muliebres,
235 1170 275 1233 et,
291 1178 330 1216 ne
350 1161 426 1235 quod
447 1161 477 1218 in
492 1160 670 1218 vestimentis
690 1161 849 1218 occultare-

53 1267 99 1314 tur
120 1258 221 1330 telum,
236 1255 429 1331 exquirerent.
471 1257 500 1315 Ο
514 1258 661 1329 miserum,
675 1256 724 1332 qui
741 1256 849 1314 fidelio·
864 1264 895 1314 10

54 1373 116 1412 rem
136 1365 167 1412 et
189 1355 344 1411 barbarum
365 1363 393 1411 et
417 1355 592 1432 stigmatiam
617 1363 741 1430 putaret,
763 1373 849 1428 quam

54 1451 228 1528 conjugeml
271 1449 339 1506 Nec
361 1469 427 1507 eum
454 1451 555 1508 fefellit
584 1449 694 1527 [opinio
705 1453 726 1532 :l
757 1452 793 1508 ab
813 1451 849 1509 ed

54 1549 133 1606 enim
157 1558 202 1605 est
229 1547 304 1623 ipse,
325 1558 438 1624 propter
465 1548 617 1623 pellicatus
643 1548 847 1626 suspicionem,

54 1645 237 1702 interfectus.

95 1741 165 1799 Nec
192 1760 261 1800 vero
290 1739 349 1798 ulla
374 1740 417 1799 vis
443 1736 557 1818 imperii
586 1753 666 1802 tanta
692 1754 745 1817 est,
774 1763 847 1820 que,
864 1734 901 1800 15'

56 1849 206 1916 premente
234 1849 327 1908 metu,
351 1838 442 1912 possit
469 1857 531 1897 esse
559 1841 702 1899 diuturna.
750 1841 849 1899 Testis

58 1947 102 1993 est
115 1935 258 2006 Phalaris,
275 1933 358 2009 cujus
371 1944 423 2006 est,
437 1947 540 2010 preter
556 1948 684 2010 caeteros,
700 1938 850 1995 nobilitata

58 2033 231 2102 crudelitas;
262 2029 313 2105 qui
341 2050 398 2088 non
426 2050 462 2088 ex
486 2032 596 2090 insidiis
624 2034 741 2101 interiit,
762 2044 794 2090 ut
814 2033 849 2106 is,

60 2148 145 2204 quem
165 2129 255 2186 modo
277 2125 348 2198 dixi,
369 2127 550 2198 Alexande13
571 2147 631 2185 non
653 2148 668 2184 a
687 2128 798 2202 paucis,
819 2137 851 2185 ut

61 2225 108 2283 hic
128 2236 244 2294 noster;
267 2223 319 2280 sed
340 2222 370 2280 in
389 2241 473 2298 quem
493 2224 627 2281 universa
646 2223 852 2300 Agrigentino-
866 2228 908 2288 205

61 2339 123 2380 rum
144 2319 302 2380 multitudo
323 2320 460 2396 impetum
475 2321 552 2378 fecit.
592 2319 695 2381 Quidl
717 2319 854 2377 Macedo-

62 2437 112 2476 nes
133 2437 232 2476 noune
256 2417 438 2474 Demetrium
462 2418 647 2492 reliquerunt,
672 2416 854 2490 universique

12 2514 15 2526 ’
62 2516 150 2573 seed
176 2515 322 2591 Pyrrhum
349 2515 554 2571 contuleruut?
593 2514 697 2576 Quidt
720 2513 855 2570 Lacedae-

63 2613 183 2684 monios,
206 2611 315 2688 injuste
336 2609 518 2685 imperantes,
539 2629 636 2668 nonne
658 2618 775 2686 repente
796 2627 855 2666 om·

63 2727 113 2768 nes
139 2710 201 2768 fere
230 2705 306 2764 socii
340 2706 536 2779 deseruerunt,
564 2717 797 2782 spectatoresque
823 2724 854 2766 se
867 2713 910 2765 2⁵*

62 2806 169 2866 obesos
182 2804 373 2883 prebuerunt
387 2803 547 2862 Leuctricae
562 2802 754 2862 calamitatis?

98 2998 187 3061 VIIL
208 2995 340 3056 Externa
359 2995 510 3076 libentius,
529 2997 564 3062 in
582 2997 639 3062 tali
655 3018 705 3080 re,
717 3015 813 3081 uuum
824 2996 880 3060 be·
