1904 3750
90 580 134 644 tt
420 592 466 641 nn
483 593 630 641 ormena.
861 596 931 657 [na

138 668 251 818 πιεΙίιιζ,
265 744 338 803 nihil
352 745 480 818 uberius,
494 744 567 804 nihil
580 743 706 818 dulcius,
720 743 793 804 nihil
811 744 929 806 homine

136 842 229 900 libero
256 842 389 919 dignius:
416 843 453 900 de
479 843 547 918 qual,
571 842 707 919 quoniam
734 842 765 901 in
787 843 928 902 “Catone

136 937 277 1014 Majore''
306 940 376 997 satis
402 940 494 997 multa
520 939 654 1012 diximus,
683 940 765 998 illinc
788 960 928 1015 assumes,

136 1055 199 1112 quae
214 1036 250 1094 ad
264 1037 342 1095 hunc
355 1038 454 1095 locum
467 1037 662 1114 pertinebunt.

102 1229 119 1277 ὅ
174 1230 285 1290 XLIII.
308 1231 377 1304 Sed,
393 1232 429 1289 ab
443 1230 479 1288 iis
491 1231 621 1307 partibus
634 1251 697 1307 que
711 1241 779 1289 sunt
792 1231 927 1292 honesta-

134 1327 181 1399 tis,
203 1328 446 1402 quemadmodum
468 1327 564 1386 officia
584 1328 770 1400 ducerentur,
790 1329 860 1386 satis
879 1349 927 1389 ex·

132 1425 259 1499 positum
280 1425 400 1482 videtur.
442 1424 552 1483 Eorum
581 1435 676 1482 autem
704 1424 841 1501 ipsorum,
857 1392 925 1502 ᾗτε

133 1521 256 1579 honesta
268 1533 344 1594 sunt,
359 1531 453 1598 potest
467 1521 596 1579 incidere
610 1540 686 1596 saepe
701 1522 850 1579 contentio
858 1543 866 1592 ;
888 1523 924 1579 de

133 1617 244 1676 duobus
264 1619 401 1689 honestis,
423 1628 518 1674 utrum
547 1618 709 1676 honestius:
731 1618 780 1693 qui
804 1619 924 1677 locusa

86 1719 117 1768 10
132 1713 262 1772 Panaetio
289 1727 332 1772 est
358 1714 575 1790 praetermissus.
624 1713 712 1785 Nam,
736 1732 802 1772 cum
829 1716 922 1773 omnis

132 1809 267 1867 honestas
288 1820 385 1867 manet
400 1810 557 1885 apartibus
577 1821 708 1885 quatuor,
723 1830 842 1886 quarum
864 1831 921 1870 una

39 1914 43 1922 ’
132 1905 168 1962 sit
188 1906 372 1982 cognitionis,
389 1907 478 1963 altera
498 1907 721 1977 communitatis,
736 1907 821 1965 tertia
844 1928 918 1985 mag·

131 2002 318 2073 nanimitatis,
339 2014 440 2077 quarta
467 2003 673 2060 moderationis
681 2024 688 2073 ;
717 2004 772 2074 hae,
794 2003 824 2061 iu
852 2005 916 2061 deli·

130 2098 225 2174 gendo
253 2099 357 2170 officio,
379 2118 455 2174 saepe
482 2099 556 2156 inter
580 2119 611 2156 se
639 2113 851 2176 comparentur,
871 2120 914 2159 ne

83 2209 114 2256 15
130 2213 211 2251 cesse
232 2204 283 2252 est.

167 2289 269 2347 Placet
290 2291 386 2367 igitur,
410 2291 520 2367 aptiora
547 2310 610 2349 esse
637 2303 747 2349 naturae
768 2312 803 2350 ea
823 2294 910 2351 officia

129 2405 192 2461 quae
220 2406 256 2443 ex
283 2388 500 2459 communitate,
525 2408 610 2464 quam
638 2408 674 2446 ea
699 2409 761 2464 quae
789 2409 826 2446 ex
852 2410 908 2469 cog

128 2483 248 2556 nitione,
270 2484 429 2542 ducantur:
459 2485 544 2560 idque
572 2486 627 2543 hoc
654 2497 822 2562 argumento
850 2508 905 2546 con

128 2581 234 2637 firmari
254 2591 359 2656 potest,
374 2582 461 2657 quod,
476 2582 500 2639 si
521 2582 673 2658 contigerit
687 2601 722 2638 ea
735 2582 794 2639 vita
807 2585 904 2659 sapien

80 2687 111 2736 20
127 2677 159 2748 ti,
188 2687 219 2734 ut
246 2678 276 2734 in
306 2678 436 2735 omnium
468 2697 564 2736 rerum
598 2679 780 2735 affluentibus
814 2681 902 2757 copiis

126 2774 255 2848 quamvis
287 2775 394 2846 omnia,
428 2795 492 2850 quae
525 2774 693 2851 cognitione
727 2775 815 2852 digna
849 2778 900 2835 sint

127 2890 239 2927 summo
260 2871 320 2928 otio
335 2890 433 2928 secum
449 2872 509 2946 ipse
524 2871 686 2929 consideret
700 2882 729 2929 et
743 2874 898 2949 contempl(

126 2975 188 3036 tur;
216 2977 324 3038 tamen,
345 2968 369 3024 si
390 2968 513 3026 solitudo
539 2977 619 3026 tanta
642 2968 688 3040 sit,
711 2980 742 3026 ut
768 2970 895 3029 hominer

126 3063 223 3120 videre
244 3083 303 3120 non
322 3064 423 3139 possit,
444 3066 565 3122 excedat
579 3084 596 3122 e
609 3065 676 3122 vitri.
718 3066 894 3144 Princepsqu

78 3163 110 3212 25
125 3160 255 3217 omnium
267 3161 403 3218 virtutum
418 3170 461 3217 est
475 3161 524 3218 illa
538 3163 688 3238 sapientia,
704 3183 789 3237 quam
805 3172 891 3235 Σοφία

124 3254 221 3313 Graeci
241 3267 362 3314 vocant:
389 3257 571 3332 prudentiam
596 3259 684 3331 enim,
706 3280 790 3335 quarn
818 3263 889 3321 Grm

127 3352 267 3426 Φρόνησιν
294 3352 406 3429 dicunt,
428 3354 513 3413 aliam
537 3356 682 3433 quandam
708 3356 887 3439 intelligimur
