1904 3750
82 235 151 297 ut]
384 235 427 285 uu
445 236 593 285 osnrcns.
882 228 923 288 tto

76 386 156 458 niro,
178 395 210 444 et
233 385 372 444 decorum
394 387 523 446 ridetur:
545 387 621 463 quod
645 398 756 461 conus,
781 387 821 461 id,
844 397 877 445 ut

76 494 178 559 turpe,
192 484 237 541 sic
251 483 430 544 indecorum.

121 580 227 641 Quare
245 581 371 656 pertinet
383 581 500 656 quidem
516 582 551 639 ad
566 601 681 640 ornnem
696 583 876 640 honestatem

78 676 141 734 'hoc
157 676 250 753 (quod
265 677 347 756 dico)
362 678 518 736 docorum:
539 689 568 737 et
579 679 621 736 ita
628 680 763 755 pertinet,
775 690 806 736 ut
817 698 876 736 nou

84 773 238 830 reconditi
258 773 384 848 quidam
411 775 522 833 ratione
551 786 696 848 cernatur,
717 776 767 834 sed
789 776 826 832 sit
847 776 907 832 int

84 880 230 945 promptu.
272 869 327 926 Est
341 870 418 927 enim
438 871 585 945 quiddam,
601 872 687 947 idque
707 872 877 948 intelligitur

84 966 114 1023 iu
135 967 217 1023 omni
237 967 353 1038 virtute,
368 967 445 1040 quod
463 968 582 1037 deceat3
604 969 681 1042 quod
702 969 877 1044 cogitatione

84 1063 177 1139 magis
192 1082 209 1119 a
223 1063 330 1120 virtute
343 1073 446 1138 potest,
456 1083 544 1138 quum
558 1082 600 1134 re,
612 1065 744 1140 separari.
779 1064 819 1121 Ut
833 1083 878 1120 ve-

84 1169 184 1216 nustas
198 1169 228 1215 et
242 1158 429 1233 pulchritudo
442 1159 571 1234 corporis
584 1159 698 1216 secerni
712 1177 771 1216 non
784 1169 879 1234 potest

86 1255 292 1324 avaletudiue3
309 1254 353 1311 sic
364 1254 478 1331 lroc(de
489 1275 546 1330 quo
555 1255 715 1333 loquimur)
728 1255 877 1325 decorum,
894 1269 925 1318 ιο

84 1361 176 1409 totum
198 1351 270 1408 illud
291 1351 410 1425 quidem
430 1362 474 1409 est
494 1370 562 1408 cum
583 1352 687 1409 virtute
708 1351 877 1422 confusum;

83 1448 133 1505 sed
147 1457 247 1504 mente
261 1457 291 1504 et
305 1446 693 1524 cogitatione‘distinguitur.

122 1543 178 1600 Est
207 1554 304 1600 autem
333 1543 395 1618 ejus
422 1543 578 1619 descriptio
605 1545 728 1621 duplex:
757 1563 825 1602 nam
849 1554 878 1602 et

84 1640 221 1717 generale
235 1638 383 1715 quoddam
398 1639 536 1697 decorum
551 1640 747 1718 intelligimus,
759 1642 836 1717 quod
848 1643 878 1698 in

84 1737 163 1794 omni
185 1737 338 1793 honestate
360 1746 503 1806 versatur3
525 1747 554 1793 et
576 1738 662 1809 eliud,
678 1740 747 1796 lruic
767 1739 879 1814 subjec·
894 1749 925 1798 15

84 1845 155 1906 tum,
170 1832 249 1909 quod
263 1833 390 1909 pertinet
406 1833 441 1890 ad
455 1834 586 1910 singulas
599 1846 695 1910 partes
709 1836 876 1893 honestatis.

84 1931 183 2005 Atque
205 1930 277 1987 illud
298 1930 431 2005 superius
446 1930 492 1987 sic
510 1930 569 1988 fere
583 1932 695 1989 deliniri
710 1933 799 1989 solet:
822 1932 879 1988 De-

84 2046 187 2084 corum
209 2027 240 2083 id
260 2045 336 2097 esse,
351 2026 428 2101 quod
450 2037 676 2086 consentaneum
697 2028 879 2091 sithominis

84 2124 276 2193 excellentie,
292 2121 323 2179 in
344 2141 389 2194 eo,
405 2123 434 2180 in
455 2142 512 2198 quo
526 2134 629 2181 natura
649 2124 710 2199 ejus
727 2143 744 2180 a
761 2123 880 2196 reliquis

86 2219 281 2276 animantibus
302 2216 424 2275 differat.
463 2218 542 2279 Quae
561 2229 656 2275 autem
669 2237 735 2294 pars
749 2217 880 2292 subjecta
894 2217 936 2276 20'

86 2315 185 2391 generi
199 2325 254 2384 est,
269 2332 335 2371 eam
351 2313 394 2370 sic
407 2314 559 2384 deliniunt,
574 2324 605 2370 ut
620 2314 650 2370 id
664 2314 802 2370 decorum
816 2333 879 2369 esse

86 2413 183 2480 velint,
197 2411 278 2486 quod
299 2411 342 2467 ita
363 2420 472 2467 naturae
494 2420 720 2467 cousentaneum
741 2409 788 2476 sit,
805 2410 879 2465 utin

86 2528 119 2566 eo
133 2507 303 2565 moderatio
320 2516 349 2562 et
369 2506 560 2582 temperantia
578 2516 722 2582 appareat,
737 2525 804 2562 cum
819 2525 880 2582 spe-

87 2605 130 2662 cie
144 2605 273 2680 quidam
287 2602 411 2660 liberali.

122 2795 272 2856 xxvlss.
306 2793 382 2852 Huc
396 2795 437 2853 ita
451 2795 584 2871 intelligi,
600 2796 763 2854 existimare
781 2812 880 2870 possu·
894 2808 927 2858 25

87 2913 158 2967 mus,
179 2913 217 2952 ex
238 2910 276 2951 eo
298 2891 408 2949 decoro
431 2891 509 2966 quod
531 2896 627 2969 po'e'tre
647 2902 809 2970 sequuntur
817 2911 831 2965 ς
849 2892 891 2950 de

88 3010 141 3066 quo
154 2991 212 3050 ulio
222 2990 294 3048 loco
303 2985 392 3065 plura
405 2989 466 3052 dici
478 2991 587 3056 solent„
630 2995 777 3057 Stultum
788 3008 915 3055 seruere
