1904 3750
56 257 127 320 aa]
373 257 416 303 nn
434 257 581 304 urricus.
864 244 904 305 ω

59 421 87 468 et
99 409 235 488 regenda
255 408 412 485 prudentii
433 419 485 467 est.
528 401 657 466 Maxime
680 402 776 466 autem
794 407 858 467 hec

60 519 129 565 etas
151 526 168 564 a
187 505 362 563 libidinibus
382 506 506 562 arcenda
526 515 579 576 est,
594 506 813 580 exercendaque
825 505 857 562 in

61 604 161 661 labore
189 602 390 678 patientiaque
423 612 452 659 et
484 601 573 659 animi
600 612 629 658 et
652 602 796 678 corporis;
825 612 857 660 ut

62 719 173 767 eorum,
189 709 219 755 et
233 699 264 755 in
279 696 393 755 bellicis
407 708 436 755 et
449 698 479 755 in
491 698 624 755 civilibus
638 698 751 770 officiis,
763 699 857 776 vigeat

63 796 213 853 industria.
256 795 356 869 Atque
377 794 473 865 etiarn,
493 813 561 851 cum
582 794 711 851 relaxare
736 793 887 867 animos‚5

63 903 90 948 et
109 893 180 949 dare
200 910 233 948 ae
253 890 430 967 jucunditati
451 890 557 962 volent,
580 901 700 948 caveant
720 891 857 966 intempe-

64 989 204 1058 rantiam;
223 986 412 1044 meminerint
421 987 620 1044 verecundiae:
635 988 711 1062 quod
722 988 777 1044 erit
787 987 856 1045 faci·

64 1083 127 1155 lius,
142 1084 167 1141 si
189 1083 220 1140 in
240 1082 383 1159 ejusmodi
400 1072 517 1159 quidem
536 1083 622 1141 rebus
642 1083 766 1158 majores
786 1093 856 1141 natu

65 1178 202 1237 interesse
216 1179 318 1236 velint.

101 1277 230 1333 Senibus
240 1286 339 1332 autem
349 1274 461 1332 labores
472 1274 600 1350 corporis
609 1273 769 1345 minuendi,
778 1291 858 1330 exer·
873 1275 903 1324 10

64 1372 217 1431 citationes
234 1370 325 1429 animi
339 1370 426 1428 etiam
441 1372 580 1448 augendae
594 1371 741 1441 videntur;
763 1371 858 1427 danda

64 1487 128 1526 vero
142 1487 243 1544 opera,
258 1476 292 1524 ut
305 1476 335 1525 et
351 1467 469 1540 amicos,
484 1478 514 1525 et
525 1468 715 1544 juventutem,
726 1478 755 1524 et
769 1467 858 1524 maxi·

64 1582 108 1622 me
122 1564 349 1640 rempublicam,
361 1563 483 1622 consilio
494 1574 523 1621 et
536 1565 689 1639 prudentii
701 1583 785 1639 quam
796 1563 857 1639 plu·

64 1662 166 1718 rimum
191 1660 337 1736 adjuvent.
379 1659 461 1717 Nihil
481 1669 576 1718 autem
590 1661 682 1738 magia
696 1662 856 1719 cavendum

65 1768 106 1814 est
126 1757 285 1827 senectuti,
309 1775 395 1831 quam
416 1774 453 1813 ne
476 1757 608 1833 languori
629 1777 660 1815 ae
681 1758 856 1833 desidiaeque
872 1761 902 1811 15

66 1852 158 1911 dedat.
202 1852 334 1911 Luxuria
357 1870 434 1924 vero,
460 1872 527 1910 cum
551 1854 631 1911 omni
654 1855 732 1912 aetati
755 1854 855 1929 turpis,

65 1957 122 2006 tum
147 1948 294 2006 senectuti
318 1946 476 2005 foedissima
494 1960 553 2007 est:
575 1951 619 2007 sin
643 1961 738 2008 autem
762 1950 857 2008 libidi-

64 2063 132 2102 num
147 2045 236 2102 etiam
251 2045 475 2118 intemperantia
495 2047 658 2118 accesserit,
674 2047 778 2123 duplex
797 2065 856 2104 ma-

65 2140 122 2197 lum
135 2149 181 2197 est
189 2160 197 2210 ;
218 2140 296 2215 quod
311 2149 341 2195 et
354 2139 416 2214 ipsa
430 2151 565 2199 senectus
579 2142 708 2216 concipit
718 2142 855 2213 dedecus,

65 2247 93 2293 et
114 2237 184 2294 facit
210 2235 438 2293 adolescentium
461 2237 701 2312 impudentiorem
719 2237 857 2312 intempe-
870 2240 902 2289 20

66 2333 194 2390 rantiam.

101 2426 396 2502 Acneilludquidem
405 2428 529 2485 alienum
537 2427 855 2505 est,demagitratuum,

65 2524 99 2580 de
107 2525 297 2601 privatorum,
310 2521 503 2604 [deciviam]
520 2525 556 2582 de
569 2523 788 2601 peregrinorum
797 2523 856 2580 offi-

65 2622 117 2678 ciis
135 2622 245 2678 dicere.
288 2618 341 2676 Est
358 2619 444 2696 igitur
464 2620 611 2696 proprium
630 2638 734 2677 munus
752 2619 856 2695 magis·

64 2719 164 2789 tratds,
180 2716 354 2792 intelligere,
371 2734 402 2771 se
424 2734 524 2792 gerere
545 2734 698 2792 personam
720 2715 854 2790 civitatis,
869 2725 901 2776 ᾗ

64 2814 229 2888 debereque
255 2812 318 2888 ejus
346 2812 515 2888 dignitatem
537 2821 567 2870 et
587 2812 676 2870 decus
702 2811 854 2888 sustinere,

63 2928 177 2968 servam
191 2909 283 2986 leges,
296 2907 363 2983 jura
381 2908 555 2980 describere,
571 2926 606 2965 ea
623 2908 691 2966 fidei
705 2928 764 2967 suae
778 2927 856 2967 com·

63 3006 150 3064 uisas
161 3003 339 3062 meminisse.
381 3003 534 3070 Privatum
545 3017 647 3070 autem
659 3017 781 3094 oportet
787 3021 878 3086 mmm
