1904 3750
67 260 111 323 at
361 273 451 321 ciro
469 272 586 331 usion,
600 271 664 320 suu

156 419 216 478 Sed
235 419 324 479 redeo
344 421 381 478 ad
401 438 456 478 me.
504 420 651 482 Quartum
671 437 779 478 anuum
800 436 855 498 ago
874 430 904 478 et

115 516 342 594 octogesimum:
364 517 497 592 equidem
510 535 596 594 posse
610 516 713 575 vellem
727 517 803 574 idem
818 516 904 594 glori-

117 612 168 684 ari,
189 613 266 688 quod
287 613 397 689 cyrus:
432 613 484 671 sed
504 623 600 671 tamen
621 613 678 670 hoo
698 631 773 688 queo
793 612 902 685 dioere‚

16 723 19 727 ’
115 727 174 766 non
189 727 236 766 me
250 709 366 784 quidem
380 708 624 780 deessentibus,
639 710 744 783 quibus
759 719 808 767 aut
821 709 903 768 miles

84 805 191 873 suello
205 804 328 878 Punico,
343 816 392 864 aut
405 815 527 881 quaestor
547 805 650 864 eodem
670 804 756 877 bello,
772 815 821 863 aut
834 823 903 863 oon-

115 900 158 959 sul
179 901 209 959 in
237 899 380 978 Hispanid
400 902 513 974 fuerim,
535 912 585 960 aut
611 901 801 976 quadriennio
827 910 901 977 post,

115 1016 193 1070 eum,
214 999 348 1057 tribunus
367 999 510 1071 militaris,
531 998 693 1076 depugnavi
714 998 790 1074 apud
810 997 902 1055 Ther-

80 1137 82 1143 ι
115 1095 254 1171 mopylas,
266 1095 409 1154 M’Aoilio
418 1096 577 1154 Glabrione
591 1095 726 1153 consule:
742 1095 793 1152 sed
806 1105 903 1152 tamen

117 1190 163 1268 (ut
186 1211 237 1250 vos
260 1193 376 1272 videtis)
404 1212 464 1251 non
490 1193 576 1268 plane
602 1211 649 1248 me
677 1192 823 1248 enervavit
848 1209 903 1249 neo

70 1300 101 1350 10
117 1288 215 1346 afflixit
228 1299 379 1347 senectus:
401 1307 461 1346 non
475 1288 556 1347 ouria
569 1288 644 1345 vires
658 1304 737 1344 meas
750 1288 903 1358 desiderat,

116 1403 175 1442 nou
196 1385 315 1456 Rostra,
336 1403 395 1442 non
417 1385 513 1456 amici,
533 1403 592 1441 non
614 1384 745 1455 clientes,
761 1403 820 1441 non
841 1384 905 1440 hos·

114 1481 206 1556 pites:
227 1500 283 1538 nee
297 1480 374 1538 eninr
389 1499 515 1555 unquam
535 1499 598 1538 sum
614 1499 746 1538 assensus
760 1481 849 1538 veteri
864 1481 904 1538 illi

115 1574 287 1650 laudatoque
306 1577 468 1651 proverbio,
484 1575 561 1650 quod
581 1587 690 1647 monet,
711 1587 823 1634 mature
842 1577 904 1634 fieri

116 1690 224 1743 senem,
246 1671 270 1728 si
292 1672 340 1730 diu
362 1671 432 1728 velis
452 1690 515 1728 esse
536 1691 631 1729 senex.
684 1672 749 1749 Ego
771 1692 839 1730 vero
859 1693 906 1730 rne

70 1779 100 1828 15
116 1767 211 1824 minus
225 1768 274 1826 diu
289 1786 387 1825 senem
408 1787 471 1825 esse
485 1768 611 1840 mallem,
627 1789 712 1843 quarn
727 1788 791 1826 esse
805 1788 905 1826 senem

117 1873 193 1934 ante,
208 1883 294 1939 quam
314 1883 416 1922 essem.
458 1864 559 1939 Itaque
580 1884 666 1921 nemo
688 1865 782 1922 adhue
803 1885 907 1922 eonve-

116 1960 179 2016 nire
193 1979 239 2017 me
253 1960 353 2032 voluit,
369 1961 417 2018 oui
432 1960 535 2017 fuerim
550 1975 717 2036 occupatus.

156 2057 198 2114 At
211 2057 307 2114 minus
322 2057 415 2114 habeo
429 2057 541 2129 virium,
554 2077 640 2131 quarn
650 2057 775 2114 vestrirm
790 2057 904 2114 utervis

117 2153 165 2212 Ne
179 2173 230 2210 vos
244 2155 359 2229 quidem
374 2153 411 2211 T.
428 2153 525 2211 Pontii
539 2154 718 2211 centurionis
733 2154 807 2210 vires
822 2153 907 2210 habe-

70 2250 102 2298 20
118 2251 170 2308 tis:
186 2270 255 2309 num
271 2252 381 2308 idcireo
393 2261 436 2307 est
448 2251 494 2308 ille
504 2251 701 2326 praestantior?
743 2249 908 2308 Moderatio

118 2348 205 2404 modo
225 2348 328 2405 virium
350 2348 433 2417 adsit,
454 2358 484 2404 et
504 2358 625 2418 tantum,
644 2357 782 2421 quantum
802 2357 907 2421 potest,

118 2443 240 2517 quisque
260 2443 384 2501 nitatur:
420 2463 464 2500 nae
485 2443 534 2500 ille
554 2462 613 2501 non
626 2462 744 2519 ¹magno
765 2443 908 2500 desiderio

119 2540 262 2596 tenebitur
277 2539 387 2597 virium.
429 2539 572 2615 Olympiae
591 2559 643 2615 per
658 2540 780 2597 stadium
800 2540 910 2616 ingres·

119 2653 168 2691 sus
188 2653 252 2690 esse
273 2633 346 2692 Milo
367 2636 482 2707 dieitur,
504 2654 572 2693 oum
599 2636 727 2693 humeris
754 2636 910 2694 sustineret

71 2737 103 2786 25
119 2730 222 2787 bovem
244 2732 346 2789 vivum.
401 2732 504 2789 Utrum
528 2732 616 2808 igitur
636 2732 689 2790 has
709 2732 849 2806 eorporis,
873 2752 909 2790 an

119 2825 291 2902 Pythagorae
305 2827 357 2884 tibi
378 2829 461 2884 malis
475 2827 551 2884 vires
565 2828 676 2905 ingenii
697 2828 778 2884 darii
820 2827 911 2884 Deni-

118 2939 176 2994 que
196 2922 253 2979 isto
273 2923 351 2979 bono
372 2934 463 2994 utare,
484 2923 552 2979 dum
574 2924 664 2993 adsit;
686 2941 753 2980 cum
775 2923 858 2995 absit,
873 2944 911 2982 no

104 3020 262 3093 requiras3
284 3020 344 3081 nisi
361 3021 437 3081 sorte
459 3019 912 3096 adoiesoentesquaritiannqau·
