1904 3750
288 9 950 363 u

589 368 598 385 x
936 358 940 369 1

426 653 469 700 oa
488 652 632 709 carious.
860 652 901 712 [u.
910 651 930 698 1.

146 807 241 869 turno,
266 819 333 857 cum
353 810 383 857 et
402 800 569 859 mulieribus
591 800 630 879 (si
651 800 737 857 Circe
757 809 787 856 et
806 798 932 874 Calypso

147 895 280 952 mulieres
301 896 475 971 appellandae
497 899 576 976 sunt)
592 897 750 966 inserviret,
765 906 794 952 et
808 895 838 951 iu
852 894 932 952 omni

146 1010 278 1048 sermone
299 993 433 1050 omnibus
451 993 593 1050 affabilem
607 1013 638 1051 se
652 1011 715 1049 esse
729 993 830 1048 vellet!
853 991 932 1048 domi

146 1106 213 1143 vero
228 1089 314 1145 etiam
329 1091 518 1146 contumelias
539 1108 684 1146 servorum
707 1089 932 1163 ancillarumque

115 1198 131 1246 5
146 1184 272 1258 pertulit,
288 1195 319 1241 ut
334 1185 368 1242 ad
390 1185 418 1242 id
438 1185 600 1260 aliquando,
616 1185 692 1259 quod
714 1185 856 1259 cupiebat,
871 1202 933 1259 per-

147 1281 264 1338 veniret.
307 1282 347 1339 At
367 1282 442 1357 Ajax
465 1281 534 1358 (quo
555 1282 651 1339 animo
670 1281 805 1360 traditur)
829 1279 931 1337 millies

148 1387 282 1451 oppetere
298 1387 426 1447 mortem,
442 1396 525 1450 quam
541 1376 590 1433 illa
601 1374 721 1451 perpeti,
737 1374 892 1432 maluisset.

186 1471 263 1532 Quae
278 1473 505 1547 contemplantes
519 1472 680 1547 expendere
696 1471 848 1546 oportebit,
865 1469 929 1544 quid

148 1568 268 1644 quisque
289 1570 391 1626 habeat
412 1569 473 1637 sui;
501 1588 591 1643 eaque
612 1567 764 1639 moderari,
785 1585 841 1625 nec
861 1567 928 1623 velle

102 1672 133 1721 10
149 1665 280 1740 experiri,
293 1684 376 1740 quarn
388 1684 418 1721 se
431 1665 524 1721 aliena
534 1665 664 1722 deceant.
706 1663 739 1720 Id
754 1664 831 1720 enim
846 1662 926 1720 maxi·

149 1780 195 1818 me
217 1780 357 1836 quemque
380 1761 473 1831 decet,
489 1761 563 1834 quod
585 1771 629 1817 est
651 1760 789 1836 cujusque
811 1759 925 1816 maxime

149 1876 241 1913 sunm.
284 1858 375 1912 Suum
397 1856 484 1932 igitur
505 1857 624 1930 quisque
646 1867 748 1913 noscat
769 1855 916 1931 ingenium

150 1971 301 2026 acremque
322 1972 352 2008 se
374 1963 403 2008 et
421 1953 560 2010 bonorum
576 1963 605 2009 et
619 1953 752 2009 vitiorum
767 1971 881 2009 suorum
892 1951 922 2027 ju

150 2048 243 2104 dicem
265 2049 407 2123 praebeat3
429 2068 465 2104 ne
487 2049 595 2105 scenici
615 2049 689 2124 plus,
710 2068 794 2123 quam
815 2066 878 2118 nos,
897 2047 922 2103 vi

12 2194 13 2201 ,
104 2157 134 2204 15
150 2145 269 2200 deantur
281 2144 386 2200 habere
397 2145 571 2219 prudentiae:
594 2145 634 2200 illi
646 2145 722 2200 enim
734 2164 790 2201 non
804 2144 920 2219 optimas

149 2240 200 2297 sed
215 2241 269 2296 sibi
285 2241 606 2311 accommodatissimas,
620 2241 729 2297 fabulas
739 2241 865 2316 eligunt:
887 2259 919 2314 qu

150 2355 221 2393 voce
236 2337 299 2392 freti
314 2347 390 2406 sunt,
400 2336 557 2412 Epigonos,
569 2336 762 2411 Medumque3
783 2336 831 2411 qui
842 2347 918 2412 gesti

150 2431 356 2508 Menalippum,
373 2433 638 2507 Clytaemnestram3
661 2452 771 2508 semper
789 2432 916 2507 Rupiliur

151 2548 234 2603 quem
250 2547 304 2605 ego
320 2528 447 2599 memini,
463 2529 636 2604 Antiopam:
658 2548 715 2585 non
727 2547 801 2604 saepe
812 2528 915 2602 AEsopt

25 2700 28 2705 s
63 2617 65 2621 ¹
104 2626 280 2701 20Ajacem.
323 2625 401 2702 Ergo
418 2627 518 2682 histrio
532 2626 587 2682 hoc
603 2625 709 2681 videbit
724 2625 753 2681 in
768 2626 865 2695 scena,
878 2642 914 2680 no

151 2723 259 2779 videbit
273 2723 313 2778 vir
335 2723 449 2796 sapiens
472 2723 501 2778 in
522 2723 599 2778 vital
630 2721 678 2778 Ad
701 2740 770 2795 quas
791 2721 877 2797 igitur
892 2739 913 2775 rr

152 2818 289 2892 aptissimi
304 2818 420 2887 erimus,
433 2819 462 2874 in
477 2819 511 2874 iis
525 2817 704 2892 potissimum
719 2816 911 2874 elaborabimu

152 2915 205 2970 Sin
228 2914 379 2988 aliquando
406 2915 563 2970 necessitas
587 2932 639 2970 nos
665 2915 699 2971 ad
721 2933 755 2971 ea
775 2911 911 2970 detruseri

153 3028 215 3082 quae
236 3009 324 3066 nostri
347 3009 456 3083 ingenii
473 3028 531 3065 non
547 3020 644 3079 erunt;
667 3010 760 3066 omnis
776 3009 909 3066 adhibeor

106 3118 138 3166 25
152 3106 206 3160 erit
221 3124 299 3174 cura,
316 3104 472 3174 meditatio,
487 3104 647 3180 diligentia,
664 3118 694 3161 ut
709 3125 752 3175 ea,
767 3105 791 3161 si
811 3124 870 3162 non
891 3104 908 3160 d

153 3218 230 3268 core,
242 3211 269 3256 at
278 3218 362 3274 quam
372 3199 520 3256 minimum
531 3200 675 3271 indecore,
684 3201 778 3257 sacere
787 3200 907 3275 possimi·

148 3293 218 3350 Nec
233 3306 291 3351 tam
305 3294 539 3366 estenitendum,
555 3306 586 3352 ut
601 3297 686 3367 bona,
698 3316 760 3370 quae
775 3297 859 3354 nobis
873 3297 906 3354 da

129 3400 196 3439 που
208 3388 281 3463 sint,
296 3409 468 3468 sequamur,
483 3411 571 3470 quam
584 3401 619 3451 ut
628 3391 701 3450 uitia
710 3392 863 3469 lugiamus.
