1904 3750
57 253 139 314 uu]
355 252 398 300 nu
419 254 565 301 canons.
843 245 900 304 133

57 401 167 460 eversi.
207 401 316 464 Quint
336 401 385 476 qui
399 401 460 477 ejus
481 402 594 479 collega
606 401 637 459 in
651 402 774 460 censurd
789 402 852 476 luit,

57 499 91 556 L.
107 498 281 570 Mummius,
302 499 442 574 numquid
463 499 616 575 copiosior,
631 519 698 556 cum
719 501 854 577 copiosis·

58 596 162 652 simam
195 596 299 666 urbem
334 594 462 651 funditus
495 596 675 653 sustulisset?
739 596 853 655 Italiam

58 709 172 758 ornare,
188 708 276 765 quam
297 691 415 747 domum
436 710 527 763 suam,
541 691 658 749 maluit:
680 711 852 769 quanquam,

59 787 145 846 Italia
167 786 282 858 ornata,
298 786 401 843 domus
423 787 484 862 ipsa
505 788 576 844 mihi
590 788 701 844 videtur
715 791 850 848 ornatior.
866 800 884 848 5

98 883 221 963 Nullum
252 883 340 960 igitur
368 883 468 941 vitium
494 884 606 954 tetrius,
632 883 677 959 (ut
704 903 747 957 eo,
774 888 853 944 unde

58 980 188 1056 digressa
215 989 270 1049 est,
293 978 397 1036 reserat
423 999 455 1036 se
481 980 588 1058 oratio)
611 999 696 1054 quam
723 983 850 1055 avaritia,

58 1077 218 1151 praesertim
247 1075 277 1132 in
304 1075 483 1150 principibus
511 1074 719 1150 rempublicam
750 1079 853 1152 guber·

60 1172 203 1229 nantibus.
254 1171 372 1228 Habere
396 1173 474 1229 enim
497 1171 618 1249 quaestui
644 1173 852 1246 rempublicam

61 1287 117 1325 non
141 1269 228 1327 modo
255 1279 340 1343 turpe
363 1279 416 1341 est,
439 1270 490 1326 sed
517 1269 689 1326 sceleratum
713 1268 798 1325 etiarn
823 1278 852 1326 et
867 1283 897 1332 10

61 1365 209 1423 nefarium.
252 1365 366 1440 Itaque,
381 1367 457 1440 quod
471 1366 577 1441 Apollo
598 1365 718 1440 Pythius
732 1366 851 1424 oraculo

61 1462 159 1534 edidit,
177 1463 313 1537 Spartam
334 1462 412 1518 nulla
432 1481 464 1519 re
485 1463 541 1519 alit
562 1462 618 1519 nisi
640 1463 757 1520 avaritia
777 1463 852 1539 peri-

62 1566 161 1630 turam,
178 1557 206 1614 id
222 1558 336 1614 videtur
356 1578 415 1614 non
436 1559 528 1616 solum
544 1559 784 1631 Lacedaemoniis,
799 1561 850 1618 sed

62 1664 88 1710 et
99 1654 236 1712 omnibus
250 1653 395 1729 opulentis
408 1655 530 1730 populis,
544 1656 717 1731 praedixisse.
758 1658 788 1714 N
792 1658 849 1715 ulld

63 1761 153 1807 autern
168 1770 200 1807 re
215 1749 374 1807 conciliare
388 1752 501 1808 facilius
515 1752 741 1812 benevolentiam
755 1754 850 1811 multi·
864 1769 895 1817 15

61 1847 167 1904 tudinis
186 1855 309 1922 possunt
323 1846 343 1902 ii
358 1847 406 1921 qui
426 1848 592 1923 reipublicae
612 1861 747 1925 praesunt,
762 1871 847 1928 quam

61 1944 232 2001 abstinentia
247 1954 277 2000 et
291 1944 479 2002 continentia.

31 2047 38 2060 ’
95 2039 160 2102 Qui
187 2058 256 2097 vero
284 2059 315 2096 se
348 2042 499 2116 populares
525 2042 633 2113 volunt,
661 2043 699 2099 ob
726 2061 848 2117 eamque

60 2154 176 2194 oausam
190 2147 240 2194 aut
255 2136 395 2213 agrariam
409 2156 469 2193 rem
484 2147 605 2208 tentant,
620 2148 651 2193 ut
668 2156 848 2213 possessores

59 2233 116 2290 suis
142 2233 263 2291 sedibus
289 2233 440 2307 pellantur,
470 2244 518 2291 aut
551 2234 690 2309 pecunias
724 2234 894 2295 creditas20

59 2329 236 2387 debitoribus
258 2329 462 2387 condonandas
488 2340 605 2406 putant;
633 2330 654 2388 ii
674 2330 849 2387 labefactant

60 2425 246 2483 fundamenta
278 2424 461 2500 reipublicae;
497 2428 683 2484 concordiam
713 2426 847 2501 primunr,

59 2540 119 2596 quae
139 2541 204 2579 esse
225 2539 284 2578 non
305 2531 408 2596 potest,
424 2541 491 2579 oum
513 2522 576 2579 aliis
596 2523 768 2594 adimuntur,
784 2521 848 2578 aliis

59 2619 262 2676 condonantur
289 2619 437 2692 pecuniae;
465 2619 570 2676 deinde
590 2620 762 2696 equitatem,
784 2637 847 2692 quae

59 2715 165 2772 tollitur
180 2713 286 2784 omnis,
301 2712 325 2770 si
346 2714 452 2771 habere
473 2734 556 2771 suum
577 2716 681 2791 cuique
695 2733 753 2771 non
767 2713 845 2771 licet.
859 2726 891 2776 25

58 2809 90 2868 ld
111 2811 191 2869 enim
212 2819 257 2867 est
276 2809 421 2886 proprium
443 2810 489 2884 (ut
515 2830 601 2886 supra
627 2812 699 2891 dixi)
721 2809 846 2868 civitatis

58 2918 141 2983 etque
162 2905 254 2977 urbis,
275 2916 307 2962 ut
326 2906 364 2964 sit
389 2906 481 2964 libera
501 2917 530 2964 et
550 2926 609 2965 non
636 2907 761 2966 sollicita
786 2926 849 2967 snm

58 3003 97 3061 rei
111 3003 253 3079 cujusque
266 3001 406 3062 custodia.

283 3100 323 3160 12
