1904 3750
73 205 131 265 156
409 213 453 259 uu
475 212 621 258 uumerus.
664 196 670 207 “
734 203 742 213 ’
807 210 910 273 June

117 361 256 420 utrumvis
271 361 340 419 satis
354 371 414 432 est3
436 371 465 418 et
479 371 540 418 tum
555 361 621 432 hoo,
636 370 698 418 tum
712 360 792 428 illud,
806 361 910 437 probe·

117 459 204 517 bilius
218 460 341 530 videtur,
357 478 412 516 neo
425 470 566 535 praeterea
580 458 735 533 quidquam
749 459 907 534 probabile.

109 590 125 601 -·
157 557 205 614 Ao
217 556 342 633 primum
357 555 503 615 Panaetius
518 556 547 612 in
562 555 619 612 hoo
641 555 840 613 defendendus
856 567 908 627 est,

117 652 195 730 quod
209 671 268 710 non
282 652 365 710 utilia
379 671 446 710 oum
461 651 590 708 honestis
610 671 739 728 pugnare
758 652 911 727 aliquando

88 759 203 828 oposse
223 750 327 807 dixerit
349 749 457 827 (neque
477 749 555 807 enim
576 749 603 807 ei
625 749 667 806 fas
688 752 775 829 erat),
793 751 844 807 sed
865 769 910 822 ea,

118 867 182 923 quae
203 847 368 904 viderentur
387 847 478 904 utilia.
525 845 609 903 Nihil
637 866 704 904 vero
730 846 811 918 utile,
834 846 911 921 quod

118 965 177 1003 uon
199 945 275 1003 idem
297 945 466 1014 honestum3
489 943 560 1001 nibil
582 944 745 1016 honestum,
759 944 834 1019 quod
852 963 910 1002 uon

121 1042 197 1101 idem
224 1042 294 1101 utile
318 1041 365 1112 sit,
387 1061 462 1117 saepe
482 1050 620 1098 testatur:
649 1051 801 1117 negatque,
823 1041 911 1098 ullam

119 1152 230 1216 pestem
257 1139 395 1214 majorem
420 1138 450 1195 in
471 1139 558 1196 vitam
585 1138 735 1195 hominum
763 1137 910 1208 invasisse,

75 1247 106 1296 10
121 1256 207 1312 quam
234 1255 334 1293 eorum
361 1235 525 1310 opinionem
560 1235 608 1310 qui
637 1235 691 1291 ista
718 1233 911 1291 distraxerint.

121 1333 223 1408 Itaque
244 1352 313 1403 non,
335 1341 367 1388 ut
389 1331 544 1405 aliquando
569 1342 806 1406 anteponeremus
830 1330 913 1387 utilia

122 1430 260 1499 honestis,
281 1429 332 1485 sed
357 1438 388 1485 ut
412 1447 447 1485 ea
470 1427 533 1484 sine
557 1446 654 1484 errore
677 1427 911 1503 dijudicaremus,

121 1526 145 1582 si
166 1525 282 1599 quando
303 1524 482 1594 incidissent,
504 1523 617 1583 induxit
638 1543 712 1595 eam,
727 1543 790 1598 quae
804 1523 913 1580 videre-

121 1633 167 1679 tur
188 1640 261 1693 esse,
283 1641 342 1677 non
363 1640 426 1696 qum
448 1631 533 1691 esset,
554 1621 783 1698 repugnantiam.
826 1621 913 1678 Hune

75 1727 107 1775 15
122 1719 209 1795 igitur
235 1728 346 1793 partem
373 1718 503 1775 relictam
528 1719 717 1793 explebimus,
738 1718 845 1775 nullius
867 1719 914 1775 ed-

121 1815 278 1886 miniculis,
294 1816 343 1872 sed
358 1815 404 1891 (ut
418 1816 538 1894 dieitur)
551 1814 646 1872 Marte
660 1826 766 1871 nostro.
808 1815 912 1890 Neque

121 1913 199 1971 euim
227 1913 383 1988 quidquam
405 1913 441 1969 de
462 1913 517 1969 hae
544 1923 635 1987 parte,
656 1922 721 1987 post
742 1912 912 1982 Panaetium,

122 2010 297 2085 explicatum
317 2020 371 2080 est,
393 2010 468 2084 quod
496 2009 611 2084 quidem
636 2009 707 2065 mibi
733 2010 913 2084 probaretur,

123 2108 159 2164 de
173 2108 208 2164 iis
223 2126 285 2181 quae
301 2107 329 2164 in
345 2126 448 2164 manus
462 2125 541 2162 meas
554 2115 703 2162 venerunt.

76 2307 108 2356 20
162 2301 246 2359 VIII.
279 2301 354 2358 Cum
388 2301 474 2377 igitur
510 2301 606 2374 aliqua
637 2299 749 2375 species
783 2300 915 2357 utilitatis

122 2399 236 2473 objecta
256 2407 310 2468 est,
332 2397 506 2455 commoveri
534 2416 654 2454 neeesse
680 2406 731 2453 est.
787 2397 846 2452 Sed
880 2397 914 2468 si,

123 2513 190 2551 oum
226 2493 354 2549 animum
389 2493 555 2562 attenderis,
582 2491 788 2568 turpitudinem
817 2492 916 2550 videas

124 2590 288 2665 adjunctam
303 2588 330 2644 ei
345 2588 387 2645 rei
402 2608 464 2663 quae
479 2589 606 2664 speciem
624 2587 755 2645 utilitatis
771 2590 914 2660 attulerit;

123 2697 185 2742 tum
205 2705 264 2742 non
286 2684 394 2741 utilitas
414 2685 603 2759 relinquenda
616 2695 669 2754 est,
685 2684 735 2740 sed
755 2684 917 2762 intelligen-

75 2788 110 2836 25
124 2784 203 2854 dum,
226 2782 275 2839 ubi
296 2781 442 2856 turpitudo
463 2782 509 2853 sit,
532 2781 572 2838 ibi
592 2780 744 2838 utilitatem
765 2800 830 2838 esse
857 2803 916 2841 non

107 2897 210 2949 posse.
253 2878 347 2942 Quod
369 2878 395 2937 si
414 2878 488 2936 nihil
508 2890 552 2934 est
571 2888 629 2935 tam
650 2886 752 2934 eontra
773 2889 916 2952 naturam,

99 2990 195 3043 quam
226 2979 387 3057 turpitudo
417 2978 516 3059 (reeta
541 2975 632 3050 euim,
653 2984 684 3032 et
706 2976 917 3058 aoureaieutia,
