1904 3750
51 223 148 283 unm
348 223 391 271 on
410 223 557 271 orrrc11s.
838 212 893 271 161

48 371 131 451 juria
157 371 218 443 liat,
246 370 428 429 serviendum
455 383 507 429 est.
550 371 631 430 Scite
660 371 847 449 Chrysippus,

55 479 88 526 ut
107 467 209 539 multa,
226 467 318 527 “Qui
338 468 491 540 stadium,”
508 468 610 544 inquit,
626 475 644 501 “
655 470 753 541 currit,
776 469 847 527 eniti

53 574 85 622 et
111 564 289 622 contendere
317 564 411 636 debet,
434 583 518 638 quam
546 565 668 623 maxime
695 566 795 641 possit,
817 575 848 622 ut

55 660 170 717 vincat:
206 659 388 735 supplantare
421 679 497 732 eum,
525 661 642 736 quicum
671 672 771 734 certet,
800 672 848 719 aut

56 774 144 813 manu
166 756 320 831 depellere,
342 756 422 812 nullo
443 757 529 813 modo
550 757 651 814 debet:
676 758 719 815 sic
739 759 769 815 in
790 759 877 815 vitrl5

55 851 112 908 nibi
133 870 277 927 quemque
297 841 405 927 petere,
427 853 502 928 quod
525 853 668 928 pertineat
692 855 727 911 ad
752 874 846 925 usum,

57 965 114 1006 non
135 948 267 1023 iniquum
289 958 348 1005 est:
373 948 454 1005 alteri
475 947 615 1024 deripere,
627 948 675 1024 jus
695 969 754 1007 non
775 952 845 1007 est.''

95 1043 226 1102 Maxime
248 1054 343 1101 autem
364 1045 566 1120 perturbantur
587 1045 683 1101 officia
701 1046 730 1102 in
751 1046 847 1103 amici·

57 1139 121 1210 tiia3
146 1141 251 1216 quibus
272 1151 302 1197 ct
321 1159 380 1198 non
401 1141 527 1197 tribuere
549 1140 624 1215 quod
645 1151 724 1197 reete
744 1142 846 1215 possis,

55 1246 87 1293 et
99 1237 227 1294 tribuere
241 1237 319 1311 quod
334 1256 392 1294 non
407 1237 444 1294 sit
462 1257 585 1312 aequum,
601 1246 702 1294 contra
720 1237 847 1294 officium
862 1244 893 1292 10

55 1342 108 1390 est.
165 1333 224 1389 Sed
252 1332 337 1408 hujus
363 1333 478 1409 generis
504 1333 592 1391 totius
621 1334 705 1391 breve
732 1345 761 1390 et
789 1353 847 1391 non

58 1428 176 1487 difficile
202 1439 378 1506 praeceptum
405 1440 456 1487 est.
509 1430 586 1492 Quae
614 1430 691 1488 enim
715 1431 847 1488 videntur

59 1526 150 1598 utilia,
162 1526 300 1596 honores,
318 1525 433 1594 divitiae,
448 1526 615 1604 voluptateS,
638 1539 742 1586 caeteru
762 1548 847 1606 gene-

59 1623 97 1680 ris
110 1623 250 1700 ejusdem,
262 1622 325 1679 haec
339 1623 472 1681 amicitiae
487 1643 632 1700 nunquam
648 1627 848 1702 anteponenda

59 1728 132 1776 sunt.
188 1718 231 1774 At
264 1736 357 1792 neque
383 1729 483 1775 contra
509 1721 725 1795 rempublicam,
753 1742 846 1797 neque
861 1727 892 1774 15

60 1824 162 1872 contra
184 1813 384 1890 jusjurandum
406 1833 440 1871 ac
460 1815 556 1888 fidem,
579 1817 664 1874 amici
685 1821 783 1891 eausa,
804 1820 846 1876 vir

59 1909 150 1968 bonus
171 1909 275 1979 laciet3
304 1928 340 1965 ne
361 1909 385 1966 ai
409 1910 497 1986 judex
517 1912 632 1986 quidem
652 1914 707 1970 erit
727 1914 763 1971 de
784 1916 846 1990 ipso

60 2005 162 2064 amico.
204 2005 291 2062 Ponit
306 2006 383 2062 enim
396 2025 549 2082 personam
563 2008 659 2078 amici,
671 2028 738 2066 cum
753 2011 846 2069 induit

56 2101 172 2178 judicio.
214 2101 343 2159 Tantum
364 2103 444 2160 dabit
465 2102 608 2173 amicitiae,
623 2112 655 2160 ut
669 2122 762 2161 veram
779 2107 847 2162 ami·

60 2198 88 2255 ci
108 2217 227 2256 caueam
248 2217 311 2254 esse
331 2199 427 2257 malit:
456 2208 488 2256 ut
508 2198 623 2255 orandae
644 2198 703 2255 litis
723 2202 891 2275 tempusffltt

59 2295 153 2370 quoad
170 2294 314 2370 perleges
329 2295 424 2367 liceat,
441 2293 647 2352 accommodet.
690 2295 764 2351 Cum
781 2315 847 2353 vero

57 2389 152 2465 jurato
174 2390 318 2447 sententia
338 2391 463 2449 dicenda
489 2391 536 2460 sit,
557 2390 729 2463 meminerit,
751 2374 847 2449 Deum

58 2503 91 2542 se
111 2485 250 2543 adhibere
269 2494 380 2557 testem,
396 2486 424 2543 id
444 2499 489 2543 est
504 2484 549 2563 (ut
570 2486 705 2566 arbitror)
722 2498 846 2545 mentem

58 2599 150 2653 auam,
165 2581 223 2656 qual
241 2579 313 2637 nihil
329 2581 436 2638 homini
450 2581 529 2639 dedit
542 2582 623 2639 Deus
638 2582 697 2658 ipse
712 2582 845 2642 divinius.

58 2674 159 2754 ltaque
171 2675 341 2754 preclarum
357 2696 373 2734 a
387 2678 541 2753 majoribus
557 2679 721 2754 accepimus
738 2697 846 2739 morem
858 2688 890 2738 25

58 2774 179 2850 rogandi
197 2771 316 2850 judicis,
328 2772 355 2830 si
372 2791 438 2829 eum
459 2783 631 2846 teneremus,
642 2771 751 2834 t‘Quae
769 2775 847 2836 salvat

58 2868 115 2928 fide
129 2870 226 2928 facere
239 2868 357 2944 possit.'’
399 2868 473 2928 Haec
487 2871 599 2947 rogatio
614 2872 650 2929 ad
665 2887 701 2927 ea
713 2870 851 2948 pertinet,

56 2980 123 3042 qun
146 2965 236 3045 paulo
264 2973 330 3023 ante
357 2963 417 3027 diri
444 2965 571 3032 honeste
596 2967 697 3032 aulico
719 2988 746 3030 a
763 2967 876 3050 'pudice

292 3065 359 3128 14*
