1904 3750
73 184 130 242 160
406 195 448 240 uu
471 196 615 241 oramus,
809 194 904 259 [Iam.

154 339 192 398 X.
214 339 352 399 Incidunt
371 361 447 419 saepe
467 342 564 400 multae
585 361 690 414 causae,
705 360 769 418 qum
790 353 904 401 coutur-

115 437 184 494 bent
212 438 322 495 animos
350 439 481 496 utilitatis
508 439 621 515 specie;
657 457 727 510 non,
752 457 819 497 cum
846 439 904 498 hoc

114 533 299 606 deliberetur,
321 535 548 610 relinquendane
569 535 607 592 sit
630 535 765 592 honestas
787 546 904 611 propter

114 629 247 688 utilitatis
267 630 496 706 magnitudinem
516 630 596 708 (nam
615 631 645 688 id
664 631 780 706 quidem
799 632 905 708 impro-

84 725 183 784 bbum
211 727 285 806 est);
321 726 373 783 sed
399 726 480 798 illud,
507 727 634 802 possitne
661 727 701 799 id,
729 727 807 804 quod
833 729 905 786 utile

114 821 254 895 videatur,
282 822 344 880 fieri
377 841 437 880 non
464 823 591 898 turpiter.
647 823 723 881 Cum
756 823 905 881 Collatino

114 919 234 996 collega
268 919 374 977 Brutus
408 919 559 995 imperium
593 919 760 996 abrogabat,
791 930 905 995 poterat

114 1015 205 1073 videri
227 1016 322 1074 sacere
337 1016 367 1073 id
381 1016 502 1092 injuste:
525 1016 617 1074 suerat
637 1017 725 1088 enim,
741 1016 770 1073 in
787 1018 904 1093 regibus

115 1112 302 1187 expellendis,
337 1112 434 1170 socius
468 1112 561 1184 Bruti,
595 1113 782 1170 consiliorum
816 1113 904 1170 etiam

71 1218 102 1268 10
117 1209 237 1285 adjutor.
291 1208 368 1266 Cum
392 1218 487 1265 autem
507 1208 661 1266 consilium
682 1208 740 1266 hoc
758 1208 904 1286 principes

115 1306 268 1380 cepissent,
283 1304 485 1382 cognationem
504 1305 637 1380 Superbi,
651 1323 814 1381 nomenque
830 1304 904 1364 Tar·

115 1401 288 1476 quiniorum,
303 1410 332 1457 et
352 1400 518 1457 memoriam
538 1402 629 1478 regui,
644 1420 708 1458 esse
728 1402 902 1474 tollendam3

116 1496 192 1570 quod
218 1505 279 1552 erat
306 1495 385 1565 utile,
406 1495 506 1569 patriae
534 1497 694 1568 consulere,
719 1496 749 1554 id
775 1508 837 1555 erat
863 1498 904 1556 ita

116 1590 278 1663 honestum,
294 1601 326 1648 ut
339 1591 426 1648 etiam
448 1583 509 1666 ipsi'
523 1591 669 1650 Collatino
688 1593 803 1668 placere
818 1593 904 1650 debe·

70 1690 166 1743 roret.
209 1686 311 1760 Itaque
331 1686 439 1744 utilitas
459 1687 549 1744 valuit
567 1698 683 1763 propter
705 1689 901 1761 honestatem

115 1781 178 1838 sine
199 1782 255 1855 quia
275 1800 312 1838 ne
332 1781 441 1839 utilitas
461 1782 577 1857 quidem
596 1801 658 1839 esse
671 1784 820 1858 potuisset.
862 1785 903 1842 At

115 1877 146 1934 in
167 1896 201 1935 eo
221 1896 298 1954 rege,
313 1878 362 1952 qui
383 1878 484 1934 urbem
504 1877 646 1949 condidit,
664 1896 722 1936 non
742 1878 790 1936 ita.
833 1882 904 1956 Spe-

115 1974 175 2031 cies
202 1975 280 2030 enim
306 1974 437 2031 utilitatis
464 1974 591 2031 animum
614 1974 724 2050 pepulit
747 1975 826 2051 ejus;
855 1977 902 2035 cui

115 2089 183 2128 cunr
196 2071 288 2127 visum
305 2081 380 2128 esset
400 2070 509 2142 utilius,
524 2071 617 2127 solum
631 2089 716 2145 quam
732 2091 799 2129 cum
813 2074 903 2131 altero

67 2173 101 2223 ab
115 2186 245 2243 regnare,
260 2167 375 2224 fratrem
392 2166 544 2224 interemit.
586 2165 694 2223 Omisit
709 2167 758 2224 hic
772 2179 800 2225 et
814 2170 903 2245 pieta·

114 2273 172 2319 tem
187 2273 216 2319 et
230 2262 445 2333 humanitatem,
462 2271 493 2318 ut
513 2261 552 2333 id,
567 2262 644 2336 quod
658 2263 728 2321 utile
742 2263 901 2337 videbatur,

114 2378 208 2433 neque
228 2368 297 2429 erat,
314 2358 425 2433 assequi
444 2367 555 2433 posset:
578 2368 607 2415 et
626 2368 722 2416 tamen
743 2361 817 2416 muri
836 2380 903 2418 cau·

114 2474 174 2512 sam
196 2455 338 2530 opposuit,
360 2455 486 2529 speciem
506 2454 665 2512 honestatis
687 2473 780 2528 neque
799 2457 902 2529 proba·

115 2551 200 2607 bilem
229 2570 321 2625 neque
347 2551 416 2607 satis
443 2550 585 2608 idoneam.
639 2549 775 2607 Peccavit
802 2549 900 2626 igitur,

66 2653 99 2702 ab
113 2665 185 2721 pace
199 2647 243 2704 vel
257 2647 385 2717 Quirini,
401 2647 444 2704 vel
458 2646 588 2717 Romuli,
603 2643 732 2701 dixerim.

151 2742 219 2799 Nec
239 2752 335 2800 tamen
355 2754 459 2800 nostrae
480 2742 564 2800 nobis
582 2739 719 2799 utilitates
733 2740 900 2804 omittendae

102 2847 182 2906 suut,
208 2838 332 2914 aliisque
351 2838 506 2910 tradendae,
528 2856 593 2894 cum
614 2835 659 2892 his
684 2833 738 2911 ipsi
762 2855 899 2914 egemus:

87 2927 148 2982 sed
167 2949 234 2993 suus
258 2937 371 3014 cuique
394 2933 523 3008 utilitati,
540 2930 617 3010 quod
635 2931 699 2990 ciue
721 2932 839 2994 alterius
856 2934 908 2995 iu·-
