1904 3750
56 229 131 290 a.u.]
352 226 396 274 nn
419 228 562 276 orrrcus.
842 223 897 282 135

94 378 134 437 At
151 397 217 436 vero
240 378 358 435 Aratus
379 377 533 453 Sicyonius
551 377 615 453 jure
635 376 776 450 laudatur,
791 379 850 454 qui,

57 493 122 532 cum
142 475 204 550 ejus
225 473 335 530 civitas
357 473 563 550 quinquaginta
584 492 674 531 annos
691 493 707 531 a
722 476 851 550 tyrannis

57 580 211 642 teneretur,
226 568 379 645 profectus
390 569 477 647 Argis
491 570 656 645 Sicyonem,
671 571 850 629 clandestino

57 666 173 723 introitu
201 666 275 723 urbe
304 673 350 720 est
376 666 491 740 potitus.
539 667 670 742 Cumque
697 679 849 743 tyrannum

56 760 211 820 Nicoclem
233 759 390 837 improviso
415 763 610 836 oppressisset,
631 775 783 821 sexcentos
803 773 878 822 err-5

57 857 128 930 ules,
154 858 204 933 qui
237 853 364 913 fuerant
385 856 447 932 ejus
475 857 598 914 civitatis
624 858 848 934 locupletissimi,

58 954 198 1024 restituit;
224 971 348 1027 remque
366 953 511 1027 publicam
533 954 654 1010 adventu
676 973 727 1012 suo
748 956 850 1014 libera·

58 1049 105 1106 rit
148 1051 218 1122 Sed,
234 1068 304 1107 cum
318 1067 452 1124 magnam
473 1049 709 1106 animadverteret
724 1051 752 1107 in
767 1053 849 1109 bonis

60 1155 88 1202 et
99 1145 335 1222 possessionibus
354 1144 559 1216 difficultatem,
575 1144 652 1219 quod
665 1155 694 1201 et
708 1164 758 1201 eos
778 1164 849 1219 quos

60 1239 118 1317 ipse
138 1243 318 1312 restituerat,
339 1235 458 1316 quorum
479 1242 554 1298 bona
578 1240 627 1297 alii
653 1241 847 1315 possederant,
863 1253 893 1302 10

60 1355 143 1415 egere
158 1337 373 1413 iniquissimum
389 1338 588 1407 arbitrabatur,
600 1346 628 1394 et
643 1337 850 1414 quinquaginta

61 1451 201 1492 annorum
220 1432 415 1509 possessiones
436 1434 543 1491 moveri
563 1454 619 1491 non
638 1434 723 1491 nimis
737 1454 849 1510 aequum

59 1531 186 1604 putabat,
201 1539 355 1605 propterea
374 1529 449 1604 quod
471 1540 528 1586 tam
549 1531 637 1607 longo
651 1532 743 1606 spatio
759 1533 849 1590 multa

61 1623 286 1694 hereditatibus,
303 1623 392 1680 multa
405 1625 608 1700 emptionibus,
620 1628 709 1684 multa
723 1627 847 1699 dotibus,

61 1721 231 1778 tenebantur
258 1720 324 1776 sine
350 1719 470 1796 injurid;
502 1721 650 1797 judicavit,
674 1743 768 1798 neque
792 1725 848 1782 illis
863 1738 892 1784 15

61 1817 157 1887 adimi,
186 1834 281 1892 neque
316 1814 361 1871 his
393 1836 451 1873 non
479 1818 619 1890 satisfieri,
648 1839 769 1894 quorum
800 1821 849 1879 illa

60 1911 181 1983 fuerant,
201 1921 345 1987 oportere.
387 1913 462 1969 Cum
490 1914 576 1990 igitur
600 1916 754 1988 statuisset,
776 1935 848 1992 opus

59 2025 121 2065 esse
137 2007 174 2065 ad
191 2027 256 2065 earn
277 2025 340 2063 rem
361 2011 591 2066 constituendam
612 2011 747 2085 pecunia,
762 2012 848 2069 Alex·

60 2104 189 2161 andriam
210 2123 241 2161 se
261 2102 408 2178 proficisci
429 2105 501 2161 velle
522 2105 611 2173 dixit;
640 2123 756 2178 remque
777 2107 848 2162 inte-

59 2218 139 2276 gram
155 2199 190 2256 ad
206 2200 331 2256 reditum
352 2218 434 2256 suum
451 2200 535 2276 jussit
552 2217 631 2255 esse:
654 2199 734 2273 isque
747 2199 848 2256 celeri·
861 2215 892 2264 20

60 2305 102 2352 ter
123 2295 158 2352 ad
186 2295 385 2368 Ptolemaeum,
406 2315 490 2352 suum
517 2295 669 2369 hospitem,
691 2295 778 2366 venit,
799 2296 847 2370 qui

59 2401 118 2448 tam
133 2392 275 2468 regnabat
292 2388 361 2446 alter
380 2403 445 2466 post
459 2391 664 2448 Alexandriam
684 2391 845 2449 conditam:

60 2489 107 2545 cui
128 2508 194 2546 curn
216 2487 405 2561 exposuisset,
425 2488 546 2563 patriam
567 2506 597 2544 se
621 2487 743 2543 liberare
764 2488 846 2561 velle,

59 2601 234 2659 causamque
255 2581 416 2653 docuisset3
440 2601 537 2659 arege
558 2583 694 2658 opulento
709 2583 751 2639 vir
771 2603 847 2640 sum·

58 2699 121 2737 mus
138 2680 224 2738 facile
247 2680 419 2752 impetravit,
434 2690 465 2736 ut
479 2680 581 2756 grandi
594 2679 719 2755 pecunia
734 2680 846 2755 adjuva·
859 2697 892 2746 25

57 2787 143 2835 retur.
183 2777 287 2840 Quam
302 2792 368 2830 curn
383 2776 538 2850 Sicyonem
554 2775 704 2846 attulisset,
717 2775 846 2835 adhibuit

56 2873 109 2931 ribi
125 2874 154 2931 in
169 2869 327 2931 consilium
349 2870 513 2944 quindecim
533 2870 689 2947 principes,
703 2890 770 2929 cum
784 2873 845 2947 qui·

57 2969 108 3030 bur
129 2987 236 3030 causas
258 2965 396 3043 coguovit
416 2975 445 3024 et
464 2985 567 3028 eorum
586 2966 639 3047 qui
657 2967 758 3031 aliena
771 2979 859 3029 tena-
