<?xml version="1.0" encoding="UTF-8"?>
<!DOCTYPE html PUBLIC "-//W3C//DTD XHTML 1.0 Transitional//EN"
    "http://www.w3.org/TR/xhtml1/DTD/xhtml1-transitional.dtd">
<html xmlns="http://www.w3.org/1999/xhtml" xml:lang="en" lang="en">
 <head>
  <title>
</title>
<meta http-equiv="Content-Type" content="text/html;charset=utf-8" />
  <meta name='ocr-system' content='tesseract 3.04.00' />
  <meta name='ocr-capabilities' content='ocr_page ocr_carea ocr_par ocr_line ocrx_word'/>
</head>
<body>
  <div class='ocr_page' id='page_1' title='image "./mtciceronisdeof00dillgoog/mtciceronisdeof00dillgoog_0114.png"; bbox 0 0 1904 3750; ppageno 0'>
   <div class='ocr_carea' id='block_1_1' title="bbox 35 182 883 298">
    <p class='ocr_par' dir='ltr' id='par_1_1' title="bbox 35 182 883 298">
     <span class='ocr_line' id='line_1_1' title="bbox 35 182 883 298; baseline -0.001 -16"><span class='ocrx_word' id='word_1_1' title='bbox 35 235 110 298; x_wconf 78' lang='lat' dir='ltr'>ara]</span> <span class='ocrx_word' id='word_1_2' title='bbox 157 182 163 195; x_wconf 29' lang='grc' dir='ltr'>ι</span> <span class='ocrx_word' id='word_1_3' title='bbox 337 232 381 280; x_wconf 82' lang='lat' dir='ltr'>na</span> <span class='ocrx_word' id='word_1_4' title='bbox 402 234 547 283; x_wconf 75' lang='lat' dir='ltr'>cuncus.</span> <span class='ocrx_word' id='word_1_5' title='bbox 825 220 883 282; x_wconf 73' lang='lat' dir='ltr'>lut</span> 
     </span>
    </p>
   </div>
   <div class='ocr_carea' id='block_1_2' title="bbox 35 381 879 2972">
    <p class='ocr_par' dir='ltr' id='par_1_2' title="bbox 35 381 879 2006">
     <span class='ocr_line' id='line_1_2' title="bbox 70 381 836 464; baseline -0.005 -19"><span class='ocrx_word' id='word_1_6' title='bbox 70 387 117 445; x_wconf 82' lang='lat' dir='ltr'>Ac</span> <span class='ocrx_word' id='word_1_7' title='bbox 130 386 265 464; x_wconf 88' lang='lat' dir='ltr'>primum</span> <span class='ocrx_word' id='word_1_8' title='bbox 280 381 321 440; x_wconf 91' lang='lat' dir='ltr'>de</span> <span class='ocrx_word' id='word_1_9' title='bbox 335 383 392 441; x_wconf 85' lang='lat' dir='ltr'>illis</span> <span class='ocrx_word' id='word_1_10' title='bbox 405 386 506 458; x_wconf 88' lang='lat' dir='ltr'>tribus,</span> <span class='ocrx_word' id='word_1_11' title='bbox 517 403 580 461; x_wconf 80' lang='lat' dir='ltr'>quae</span> <span class='ocrx_word' id='word_1_12' title='bbox 595 396 661 443; x_wconf 86' lang='lat' dir='ltr'>ante</span> <span class='ocrx_word' id='word_1_13' title='bbox 675 383 735 443; x_wconf 82' lang='lat' dir='ltr'>dixi</span> <span class='ocrx_word' id='word_1_14' title='bbox 749 383 836 442; x_wconf 89' lang='lat' dir='ltr'>bene·</span> 
     </span>
     <span class='ocr_line' id='line_1_3' title="bbox 35 480 835 561; baseline 0.001 -23"><span class='ocrx_word' id='word_1_15' title='bbox 35 484 164 542; x_wconf 70' lang='lat' dir='ltr'>velentiae</span> <span class='ocrx_word' id='word_1_16' title='bbox 178 490 344 561; x_wconf 78' lang='lat' dir='ltr'>praecepta,</span> <span class='ocrx_word' id='word_1_17' title='bbox 360 480 524 540; x_wconf 82' lang='lat' dir='ltr'>videamus:</span> <span class='ocrx_word' id='word_1_18' title='bbox 548 502 610 557; x_wconf 86' lang='lat' dir='ltr'>quae</span> <span class='ocrx_word' id='word_1_19' title='bbox 621 483 737 558; x_wconf 91' lang='lat' dir='ltr'>quidem</span> <span class='ocrx_word' id='word_1_20' title='bbox 749 483 835 540; x_wconf 90' lang='lat' dir='ltr'>bene·</span> 
     </span>
     <span class='ocr_line' id='line_1_4' title="bbox 36 577 833 656; baseline 0.001 -20"><span class='ocrx_word' id='word_1_21' title='bbox 36 578 105 637; x_wconf 85' lang='lat' dir='ltr'>ficiis</span> <span class='ocrx_word' id='word_1_22' title='bbox 132 580 252 656; x_wconf 85' lang='lat' dir='ltr'>capitur</span> <span class='ocrx_word' id='word_1_23' title='bbox 285 577 429 635; x_wconf 85' lang='lat' dir='ltr'><strong>maxime:</strong></span> <span class='ocrx_word' id='word_1_24' title='bbox 464 579 593 637; x_wconf 89' lang='lat' dir='ltr'>secundo</span> <span class='ocrx_word' id='word_1_25' title='bbox 628 590 722 637; x_wconf 87' lang='lat' dir='ltr'>autem</span> <span class='ocrx_word' id='word_1_26' title='bbox 755 579 833 653; x_wconf 86' lang='lat' dir='ltr'>loco,</span> 
     </span>
     <span class='ocr_line' id='line_1_5' title="bbox 37 674 833 749; baseline 0.004 -18"><span class='ocrx_word' id='word_1_27' title='bbox 37 674 166 733; x_wconf 74' lang='lat' dir='ltr'>benefici</span> <span class='ocrx_word' id='word_1_28' title='bbox 187 675 343 731; x_wconf 86' lang='lat' dir='ltr'>voluntate</span> <span class='ocrx_word' id='word_1_29' title='bbox 365 674 565 733; x_wconf 77' lang='lat' dir='ltr'>benevolentia</span> <span class='ocrx_word' id='word_1_30' title='bbox 587 687 725 749; x_wconf 88' lang='lat' dir='ltr'>movetur,</span> <span class='ocrx_word' id='word_1_31' title='bbox 746 676 833 734; x_wconf 86' lang='lat' dir='ltr'>etiarn</span> 
     </span>
     <span class='ocr_line' id='line_1_6' title="bbox 38 771 864 845; baseline -0.002 -17"><span class='ocrx_word' id='word_1_32' title='bbox 38 771 124 830; x_wconf 82' lang='lat' dir='ltr'>sires</span> <span class='ocrx_word' id='word_1_33' title='bbox 147 773 222 830; x_wconf 86' lang='lat' dir='ltr'>sorte</span> <span class='ocrx_word' id='word_1_34' title='bbox 251 789 314 828; x_wconf 88' lang='lat' dir='ltr'>non</span> <span class='ocrx_word' id='word_1_35' title='bbox 342 771 474 845; x_wconf 80' lang='lat' dir='ltr'><strong>suppetit.</strong></span> <span class='ocrx_word' id='word_1_36' title='bbox 515 771 710 831; x_wconf 85' lang='lat' dir='ltr'>Vehementer</span> <span class='ocrx_word' id='word_1_37' title='bbox 738 777 864 832; x_wconf 84' lang='lat' dir='ltr'>autem5</span> 
     </span>
     <span class='ocr_line' id='line_1_7' title="bbox 38 865 834 946; baseline 0.001 -21"><span class='ocrx_word' id='word_1_38' title='bbox 38 884 119 926; x_wconf 78' lang='lat' dir='ltr'>amor</span> <span class='ocrx_word' id='word_1_39' title='bbox 149 865 351 925; x_wconf 86' lang='lat' dir='ltr'>multitudinis</span> <span class='ocrx_word' id='word_1_40' title='bbox 384 879 578 926; x_wconf 84' lang='lat' dir='ltr'>commovetur</span> <span class='ocrx_word' id='word_1_41' title='bbox 612 870 673 946; x_wconf 76' lang='lat' dir='ltr'>ipsi</span> <span class='ocrx_word' id='word_1_42' title='bbox 700 870 777 928; x_wconf 69' lang='lat' dir='ltr'>fami</span> <span class='ocrx_word' id='word_1_43' title='bbox 804 879 834 928; x_wconf 89' lang='lat' dir='ltr'>et</span> 
     </span>
     <span class='ocr_line' id='line_1_8' title="bbox 38 963 832 1042; baseline 0.003 -21"><span class='ocrx_word' id='word_1_44' title='bbox 38 965 173 1041; x_wconf 75' lang='lat' dir='ltr'>opinione</span> <span class='ocrx_word' id='word_1_45' title='bbox 184 963 382 1035; x_wconf 81' lang='lat' dir='ltr'>liberalitatis,</span> <span class='ocrx_word' id='word_1_46' title='bbox 393 964 602 1036; x_wconf 84' lang='lat' dir='ltr'>beneficentiae‚</span> <span class='ocrx_word' id='word_1_47' title='bbox 614 965 742 1042; x_wconf 73' lang='lat' dir='ltr'>justitie,</span> <span class='ocrx_word' id='word_1_48' title='bbox 755 967 832 1040; x_wconf 89' lang='lat' dir='ltr'>lidei,</span> 
     </span>
     <span class='ocr_line' id='line_1_9' title="bbox 39 1059 834 1137; baseline 0.003 -20"><span class='ocrx_word' id='word_1_49' title='bbox 39 1062 224 1137; x_wconf 88' lang='lat' dir='ltr'>omniumque</span> <span class='ocrx_word' id='word_1_50' title='bbox 246 1078 347 1117; x_wconf 88' lang='lat' dir='ltr'>earum</span> <span class='ocrx_word' id='word_1_51' title='bbox 370 1059 515 1133; x_wconf 87' lang='lat' dir='ltr'>virtutum,</span> <span class='ocrx_word' id='word_1_52' title='bbox 536 1081 599 1136; x_wconf 78' lang='lat' dir='ltr'>quae</span> <span class='ocrx_word' id='word_1_53' title='bbox 626 1061 770 1137; x_wconf 88' lang='lat' dir='ltr'>pertinent</span> <span class='ocrx_word' id='word_1_54' title='bbox 797 1061 834 1120; x_wconf 88' lang='lat' dir='ltr'>ed</span> 
     </span>
     <span class='ocr_line' id='line_1_10' title="bbox 39 1157 833 1216; baseline 0.001 -2"><span class='ocrx_word' id='word_1_55' title='bbox 39 1157 292 1216; x_wconf 84' lang='lat' dir='ltr'>mansuetudinem</span> <span class='ocrx_word' id='word_1_56' title='bbox 314 1176 426 1214; x_wconf 90' lang='lat' dir='ltr'>morum</span> <span class='ocrx_word' id='word_1_57' title='bbox 447 1176 481 1215; x_wconf 87' lang='lat' dir='ltr'>ac</span> <span class='ocrx_word' id='word_1_58' title='bbox 497 1158 674 1216; x_wconf 85' lang='lat' dir='ltr'>facilitatem.</span> <span class='ocrx_word' id='word_1_59' title='bbox 716 1157 833 1215; x_wconf 85' lang='lat' dir='ltr'>Etenim</span> 
     </span>
     <span class='ocr_line' id='line_1_11' title="bbox 40 1252 879 1330; baseline -0.007 -19"><span class='ocrx_word' id='word_1_60' title='bbox 40 1253 106 1313; x_wconf 92' lang='lat' dir='ltr'>illud</span> <span class='ocrx_word' id='word_1_61' title='bbox 129 1255 237 1330; x_wconf 78' lang='lat' dir='ltr'>ipsum,</span> <span class='ocrx_word' id='word_1_62' title='bbox 257 1253 339 1328; x_wconf 91' lang='lat' dir='ltr'>quod</span> <span class='ocrx_word' id='word_1_63' title='bbox 361 1253 513 1312; x_wconf 88' lang='lat' dir='ltr'>honestum</span> <span class='ocrx_word' id='word_1_64' title='bbox 540 1255 736 1328; x_wconf 91' lang='lat' dir='ltr'>decorumque</span> <span class='ocrx_word' id='word_1_65' title='bbox 763 1252 834 1311; x_wconf 90' lang='lat' dir='ltr'>dici-</span> <span class='ocrx_word' id='word_1_66' title='bbox 848 1256 879 1306; x_wconf 77' lang='lat' dir='ltr'>tu</span> 
     </span>
     <span class='ocr_line' id='line_1_12' title="bbox 39 1350 833 1427; baseline -0.001 -19"><span class='ocrx_word' id='word_1_67' title='bbox 39 1369 107 1424; x_wconf 87' lang='lat' dir='ltr'>mus,</span> <span class='ocrx_word' id='word_1_68' title='bbox 120 1351 193 1426; x_wconf 87' lang='lat' dir='ltr'>quia</span> <span class='ocrx_word' id='word_1_69' title='bbox 201 1370 253 1427; x_wconf 89' lang='lat' dir='ltr'>per</span> <span class='ocrx_word' id='word_1_70' title='bbox 268 1370 300 1408; x_wconf 89' lang='lat' dir='ltr'>se</span> <span class='ocrx_word' id='word_1_71' title='bbox 315 1350 400 1407; x_wconf 90' lang='lat' dir='ltr'>uobis</span> <span class='ocrx_word' id='word_1_72' title='bbox 410 1350 514 1426; x_wconf 89' lang='lat' dir='ltr'>placet,</span> <span class='ocrx_word' id='word_1_73' title='bbox 528 1351 694 1426; x_wconf 88' lang='lat' dir='ltr'>animusque</span> <span class='ocrx_word' id='word_1_74' title='bbox 704 1351 833 1409; x_wconf 91' lang='lat' dir='ltr'>omnium</span> 
     </span>
     <span class='ocr_line' id='line_1_13' title="bbox 39 1447 832 1523; baseline 0.003 -19"><span class='ocrx_word' id='word_1_75' title='bbox 39 1449 140 1507; x_wconf 74' lang='lat' dir='ltr'>naturai</span> <span class='ocrx_word' id='word_1_76' title='bbox 168 1457 199 1504; x_wconf 90' lang='lat' dir='ltr'>et</span> <span class='ocrx_word' id='word_1_77' title='bbox 231 1447 332 1523; x_wconf 85' lang='lat' dir='ltr'>specie</span> <span class='ocrx_word' id='word_1_78' title='bbox 365 1447 418 1505; x_wconf 80' lang='lat' dir='ltr'>sut</span> <span class='ocrx_word' id='word_1_79' title='bbox 451 1459 622 1520; x_wconf 87' lang='lat' dir='ltr'>commovet,</span> <span class='ocrx_word' id='word_1_80' title='bbox 653 1447 832 1523; x_wconf 82' lang='lat' dir='ltr'>maximeque</span> 
     </span>
     <span class='ocr_line' id='line_1_14' title="bbox 39 1543 832 1620; baseline 0.003 -19"><span class='ocrx_word' id='word_1_81' title='bbox 39 1546 117 1619; x_wconf 88' lang='lat' dir='ltr'>quasi</span> <span class='ocrx_word' id='word_1_82' title='bbox 141 1544 274 1620; x_wconf 82' lang='lat' dir='ltr'>perlucet</span> <span class='ocrx_word' id='word_1_83' title='bbox 296 1561 333 1600; x_wconf 81' lang='lat' dir='ltr'>ex</span> <span class='ocrx_word' id='word_1_84' title='bbox 353 1543 406 1614; x_wconf 87' lang='lat' dir='ltr'>eis,</span> <span class='ocrx_word' id='word_1_85' title='bbox 427 1564 497 1620; x_wconf 91' lang='lat' dir='ltr'>quas</span> <span class='ocrx_word' id='word_1_86' title='bbox 525 1546 757 1618; x_wconf 86' lang='lat' dir='ltr'>commemoravi,</span> <span class='ocrx_word' id='word_1_87' title='bbox 779 1546 832 1604; x_wconf 82' lang='lat' dir='ltr'>rir-</span> 
     </span>
     <span class='ocr_line' id='line_1_15' title="bbox 39 1639 831 1717; baseline 0.004 -19"><span class='ocrx_word' id='word_1_88' title='bbox 39 1643 163 1711; x_wconf 90' lang='lat' dir='ltr'>tutibus;</span> <span class='ocrx_word' id='word_1_89' title='bbox 186 1640 300 1699; x_wconf 91' lang='lat' dir='ltr'>idcirco</span> <span class='ocrx_word' id='word_1_90' title='bbox 315 1640 390 1712; x_wconf 89' lang='lat' dir='ltr'>illos,</span> <span class='ocrx_word' id='word_1_91' title='bbox 405 1639 434 1697; x_wconf 91' lang='lat' dir='ltr'>in</span> <span class='ocrx_word' id='word_1_92' title='bbox 450 1642 553 1717; x_wconf 92' lang='lat' dir='ltr'>quibus</span> <span class='ocrx_word' id='word_1_93' title='bbox 573 1661 622 1702; x_wconf 83' lang='lat' dir='ltr'>eas</span> <span class='ocrx_word' id='word_1_94' title='bbox 636 1643 754 1701; x_wconf 84' lang='lat' dir='ltr'>virtutes</span> <span class='ocrx_word' id='word_1_95' title='bbox 768 1663 831 1702; x_wconf 88' lang='lat' dir='ltr'>esse</span> 
     </span>
     <span class='ocr_line' id='line_1_16' title="bbox 39 1737 877 1818; baseline 0.006 -24"><span class='ocrx_word' id='word_1_96' title='bbox 39 1756 143 1809; x_wconf 89' lang='lat' dir='ltr'>remur,</span> <span class='ocrx_word' id='word_1_97' title='bbox 166 1757 184 1794; x_wconf 88' lang='lat' dir='ltr'>e</span> <span class='ocrx_word' id='word_1_98' title='bbox 203 1737 310 1795; x_wconf 77' lang='lat' dir='ltr'>naturai</span> <span class='ocrx_word' id='word_1_99' title='bbox 331 1737 393 1812; x_wconf 68' lang='lat' dir='ltr'>ipsit</span> <span class='ocrx_word' id='word_1_100' title='bbox 414 1738 533 1815; x_wconf 87' lang='lat' dir='ltr'>diligere</span> <span class='ocrx_word' id='word_1_101' title='bbox 555 1741 693 1818; x_wconf 71' lang='lat' dir='ltr'>cogimur,</span> <span class='ocrx_word' id='word_1_102' title='bbox 734 1741 831 1817; x_wconf 87' lang='lat' dir='ltr'>Atque</span> <span class='ocrx_word' id='word_1_103' title='bbox 846 1750 877 1800; x_wconf 88' lang='lat'>15</span> 
     </span>
     <span class='ocr_line' id='line_1_17' title="bbox 40 1832 832 1914; baseline 0.008 -25"><span class='ocrx_word' id='word_1_104' title='bbox 40 1832 81 1891; x_wconf 75' lang='lat' dir='ltr'>be</span> <span class='ocrx_word' id='word_1_105' title='bbox 94 1834 213 1910; x_wconf 89' lang='lat' dir='ltr'>quidem</span> <span class='ocrx_word' id='word_1_106' title='bbox 228 1853 325 1892; x_wconf 84' lang='lat' dir='ltr'>ceusae</span> <span class='ocrx_word' id='word_1_107' title='bbox 341 1833 478 1910; x_wconf 84' lang='lat' dir='ltr'>diligendi</span> <span class='ocrx_word' id='word_1_108' title='bbox 500 1837 690 1913; x_wconf 73' lang='lat' dir='ltr'>gravissimae:</span> <span class='ocrx_word' id='word_1_109' title='bbox 710 1847 832 1914; x_wconf 84' lang='lat' dir='ltr'>pessunt</span> 
     </span>
     <span class='ocr_line' id='line_1_18' title="bbox 39 1929 652 2006; baseline 0.007 -19"><span class='ocrx_word' id='word_1_110' title='bbox 39 1930 115 1987; x_wconf 87' lang='lat' dir='ltr'>enim</span> <span class='ocrx_word' id='word_1_111' title='bbox 129 1940 271 2006; x_wconf 72' lang='lat' dir='ltr'>preterea</span> <span class='ocrx_word' id='word_1_112' title='bbox 284 1929 432 1988; x_wconf 77' lang='lat' dir='ltr'>nonnullae</span> <span class='ocrx_word' id='word_1_113' title='bbox 446 1949 509 1988; x_wconf 87' lang='lat' dir='ltr'>esse</span> <span class='ocrx_word' id='word_1_114' title='bbox 523 1933 652 1992; x_wconf 85' lang='lat' dir='ltr'>leviores.</span> 
     </span>
    </p>

    <p class='ocr_par' dir='ltr' id='par_1_3' title="bbox 36 2026 878 2972">
     <span class='ocr_line' id='line_1_19' title="bbox 76 2026 831 2100; baseline 0.004 -16"><span class='ocrx_word' id='word_1_115' title='bbox 76 2026 167 2084; x_wconf 82' lang='lat' dir='ltr'>Fides</span> <span class='ocrx_word' id='word_1_116' title='bbox 188 2037 285 2084; x_wconf 87' lang='lat' dir='ltr'>autem</span> <span class='ocrx_word' id='word_1_117' title='bbox 308 2036 340 2083; x_wconf 89' lang='lat' dir='ltr'>ut</span> <span class='ocrx_word' id='word_1_118' title='bbox 361 2027 509 2100; x_wconf 87' lang='lat' dir='ltr'>habeatur,</span> <span class='ocrx_word' id='word_1_119' title='bbox 524 2029 636 2088; x_wconf 88' lang='lat' dir='ltr'>duabus</span> <span class='ocrx_word' id='word_1_120' title='bbox 655 2031 741 2087; x_wconf 91' lang='lat' dir='ltr'>rebus</span> <span class='ocrx_word' id='word_1_121' title='bbox 754 2030 831 2087; x_wconf 87' lang='lat' dir='ltr'>effici</span> 
     </span>
     <span class='ocr_line' id='line_1_20' title="bbox 38 2123 831 2202; baseline 0.004 -22"><span class='ocrx_word' id='word_1_122' title='bbox 38 2134 148 2198; x_wconf 88' lang='lat' dir='ltr'>potest:</span> <span class='ocrx_word' id='word_1_123' title='bbox 171 2123 195 2181; x_wconf 92' lang='lat' dir='ltr'>si</span> <span class='ocrx_word' id='word_1_124' title='bbox 209 2123 439 2181; x_wconf 79' lang='lat' dir='ltr'>existimabimur</span> <span class='ocrx_word' id='word_1_125' title='bbox 454 2125 549 2201; x_wconf 88' lang='lat' dir='ltr'>adepti</span> <span class='ocrx_word' id='word_1_126' title='bbox 565 2126 750 2202; x_wconf 84' lang='lat' dir='ltr'>conjunctam</span> <span class='ocrx_word' id='word_1_127' title='bbox 764 2144 831 2183; x_wconf 90' lang='lat' dir='ltr'>cum</span> 
     </span>
     <span class='ocr_line' id='line_1_21' title="bbox 36 2218 878 2296; baseline 0.005 -20"><span class='ocrx_word' id='word_1_128' title='bbox 36 2218 146 2294; x_wconf 63' lang='lat' dir='ltr'>justitia</span> <span class='ocrx_word' id='word_1_129' title='bbox 161 2220 354 2296; x_wconf 85' lang='lat' dir='ltr'>prudentiam.</span> <span class='ocrx_word' id='word_1_130' title='bbox 396 2220 472 2279; x_wconf 86' lang='lat' dir='ltr'>Nam</span> <span class='ocrx_word' id='word_1_131' title='bbox 487 2232 516 2279; x_wconf 88' lang='lat' dir='ltr'>et</span> <span class='ocrx_word' id='word_1_132' title='bbox 530 2222 566 2279; x_wconf 88' lang='lat' dir='ltr'>iis</span> <span class='ocrx_word' id='word_1_133' title='bbox 579 2222 664 2278; x_wconf 91' lang='lat' dir='ltr'>fidem</span> <span class='ocrx_word' id='word_1_134' title='bbox 682 2221 830 2293; x_wconf 82' lang='lat' dir='ltr'>hebemus,</span> <span class='ocrx_word' id='word_1_135' title='bbox 845 2229 878 2280; x_wconf 74' lang='lat'>2⁰</span> 
     </span>
     <span class='ocr_line' id='line_1_22' title="bbox 40 2316 831 2393; baseline 0 -21"><span class='ocrx_word' id='word_1_136' title='bbox 40 2334 110 2390; x_wconf 85' lang='lat' dir='ltr'>quos</span> <span class='ocrx_word' id='word_1_137' title='bbox 136 2317 202 2392; x_wconf 84' lang='lat' dir='ltr'>plus</span> <span class='ocrx_word' id='word_1_138' title='bbox 236 2317 410 2393; x_wconf 84' lang='lat' dir='ltr'>intelligere,</span> <span class='ocrx_word' id='word_1_139' title='bbox 439 2338 524 2393; x_wconf 88' lang='lat' dir='ltr'>quarn</span> <span class='ocrx_word' id='word_1_140' title='bbox 558 2336 621 2389; x_wconf 90' lang='lat' dir='ltr'>nos,</span> <span class='ocrx_word' id='word_1_141' title='bbox 650 2316 831 2388; x_wconf 85' lang='lat' dir='ltr'>arbitramur,</span> 
     </span>
     <span class='ocr_line' id='line_1_23' title="bbox 41 2413 832 2492; baseline -0.003 -21"><span class='ocrx_word' id='word_1_142' title='bbox 41 2432 167 2490; x_wconf 81' lang='lat' dir='ltr'>quosque</span> <span class='ocrx_word' id='word_1_143' title='bbox 187 2424 218 2472; x_wconf 89' lang='lat' dir='ltr'>et</span> <span class='ocrx_word' id='word_1_144' title='bbox 239 2413 338 2471; x_wconf 86' lang='lat' dir='ltr'>futura</span> <span class='ocrx_word' id='word_1_145' title='bbox 357 2417 520 2492; x_wconf 85' lang='lat' dir='ltr'>prospicere</span> <span class='ocrx_word' id='word_1_146' title='bbox 541 2415 696 2486; x_wconf 87' lang='lat' dir='ltr'>credimus,</span> <span class='ocrx_word' id='word_1_147' title='bbox 711 2423 750 2485; x_wconf 84' lang='lat' dir='ltr'>et,</span> <span class='ocrx_word' id='word_1_148' title='bbox 764 2431 832 2470; x_wconf 92' lang='lat' dir='ltr'>cum</span> 
     </span>
     <span class='ocr_line' id='line_1_24' title="bbox 42 2509 832 2589; baseline -0.003 -22"><span class='ocrx_word' id='word_1_149' title='bbox 42 2527 84 2567; x_wconf 87' lang='lat' dir='ltr'>res</span> <span class='ocrx_word' id='word_1_150' title='bbox 97 2522 209 2589; x_wconf 83' lang='lat' dir='ltr'>agatur,</span> <span class='ocrx_word' id='word_1_151' title='bbox 225 2511 255 2568; x_wconf 93' lang='lat' dir='ltr'>in</span> <span class='ocrx_word' id='word_1_152' title='bbox 271 2510 484 2587; x_wconf 86' lang='lat' dir='ltr'>discrimenque</span> <span class='ocrx_word' id='word_1_153' title='bbox 498 2522 615 2569; x_wconf 86' lang='lat' dir='ltr'>ventum</span> <span class='ocrx_word' id='word_1_154' title='bbox 635 2510 682 2583; x_wconf 90' lang='lat' dir='ltr'>sit,</span> <span class='ocrx_word' id='word_1_155' title='bbox 697 2509 832 2586; x_wconf 85' lang='lat' dir='ltr'>expedire</span> 
     </span>
     <span class='ocr_line' id='line_1_25' title="bbox 42 2607 831 2684; baseline 0.001 -22"><span class='ocrx_word' id='word_1_156' title='bbox 42 2623 108 2680; x_wconf 88' lang='lat' dir='ltr'>rem,</span> <span class='ocrx_word' id='word_1_157' title='bbox 137 2619 167 2666; x_wconf 89' lang='lat' dir='ltr'>et</span> <span class='ocrx_word' id='word_1_158' title='bbox 195 2607 351 2665; x_wconf 89' lang='lat' dir='ltr'>consilium</span> <span class='ocrx_word' id='word_1_159' title='bbox 378 2626 415 2665; x_wconf 87' lang='lat' dir='ltr'>ex</span> <span class='ocrx_word' id='word_1_160' title='bbox 443 2618 571 2684; x_wconf 90' lang='lat' dir='ltr'>tempore</span> <span class='ocrx_word' id='word_1_161' title='bbox 594 2625 697 2683; x_wconf 90' lang='lat' dir='ltr'>capere</span> <span class='ocrx_word' id='word_1_162' title='bbox 728 2623 831 2683; x_wconf 85' lang='lat' dir='ltr'>pesse:</span> 
     </span>
     <span class='ocr_line' id='line_1_26' title="bbox 42 2701 878 2778; baseline -0.004 -15"><span class='ocrx_word' id='word_1_163' title='bbox 42 2701 114 2763; x_wconf 78' lang='lat' dir='ltr'>bruc</span> <span class='ocrx_word' id='word_1_164' title='bbox 141 2704 221 2763; x_wconf 90' lang='lat' dir='ltr'>enirn</span> <span class='ocrx_word' id='word_1_165' title='bbox 248 2704 349 2762; x_wconf 91' lang='lat' dir='ltr'>utilem</span> <span class='ocrx_word' id='word_1_166' title='bbox 372 2723 472 2762; x_wconf 86' lang='lat' dir='ltr'>omnes</span> <span class='ocrx_word' id='word_1_167' title='bbox 495 2705 660 2763; x_wconf 85' lang='lat' dir='ltr'>existimant</span> <span class='ocrx_word' id='word_1_168' title='bbox 680 2721 831 2778; x_wconf 84' lang='lat' dir='ltr'>veramque</span> <span class='ocrx_word' id='word_1_169' title='bbox 845 2703 878 2754; x_wconf 77' lang='lat'>25</span> 
     </span>
     <span class='ocr_line' id='line_1_27' title="bbox 43 2799 831 2875; baseline -0.003 -14"><span class='ocrx_word' id='word_1_170' title='bbox 43 2802 232 2875; x_wconf 84' lang='lat' dir='ltr'>pmdentiem.</span> <span class='ocrx_word' id='word_1_171' title='bbox 284 2799 376 2859; x_wconf 91' lang='lat' dir='ltr'>Justis</span> <span class='ocrx_word' id='word_1_172' title='bbox 404 2812 499 2860; x_wconf 88' lang='lat' dir='ltr'>autern</span> <span class='ocrx_word' id='word_1_173' title='bbox 519 2812 548 2861; x_wconf 90' lang='lat' dir='ltr'>et</span> <span class='ocrx_word' id='word_1_174' title='bbox 568 2802 632 2860; x_wconf 86' lang='lat' dir='ltr'>fidis</span> <span class='ocrx_word' id='word_1_175' title='bbox 656 2799 831 2874; x_wconf 86' lang='lat' dir='ltr'>hominibus,</span> 
     </span>
     <span class='ocr_line' id='line_1_28' title="bbox 44 2895 832 2972; baseline 0.001 -16"><span class='ocrx_word' id='word_1_176' title='bbox 44 2895 136 2972; x_wconf 86' lang='lat' dir='ltr'>idest,</span> <span class='ocrx_word' id='word_1_177' title='bbox 152 2898 249 2970; x_wconf 87' lang='lat' dir='ltr'>bonis,</span> <span class='ocrx_word' id='word_1_178' title='bbox 264 2897 389 2956; x_wconf 85' lang='lat' dir='ltr'>italides</span> <span class='ocrx_word' id='word_1_179' title='bbox 409 2897 539 2971; x_wconf 85' lang='lat' dir='ltr'>habetur,</span> <span class='ocrx_word' id='word_1_180' title='bbox 554 2909 586 2956; x_wconf 90' lang='lat' dir='ltr'>ut</span> <span class='ocrx_word' id='word_1_181' title='bbox 599 2898 679 2957; x_wconf 87' lang='lat' dir='ltr'>nulla</span> <span class='ocrx_word' id='word_1_182' title='bbox 692 2897 729 2955; x_wconf 89' lang='lat' dir='ltr'>sit</span> <span class='ocrx_word' id='word_1_183' title='bbox 743 2896 773 2954; x_wconf 90' lang='lat' dir='ltr'>in</span> <span class='ocrx_word' id='word_1_184' title='bbox 787 2896 832 2957; x_wconf 85' lang='lat' dir='ltr'>hia</span> 
     </span>
    </p>
   </div>
   <div class='ocr_carea' id='block_1_3' title="bbox 45 2992 856 3086">
    <p class='ocr_par' dir='ltr' id='par_1_4' title="bbox 45 2992 856 3086">
     <span class='ocr_line' id='line_1_29' title="bbox 45 2992 856 3086; baseline 0.004 -29"><span class='ocrx_word' id='word_1_185' title='bbox 45 2992 149 3057; x_wconf 69' lang='lat' dir='ltr'>biudis</span> <span class='ocrx_word' id='word_1_186' title='bbox 168 2994 338 3076; x_wconf 75' lang='lat' dir='ltr'>injuriaeqm</span> <span class='ocrx_word' id='word_1_187' title='bbox 357 2995 496 3082; x_wconf 83' lang='lat' dir='ltr'>suspicio.</span> <span class='ocrx_word' id='word_1_188' title='bbox 536 2997 707 3086; x_wconf 78' lang='lat' dir='ltr'>ltaquebu</span> <span class='ocrx_word' id='word_1_189' title='bbox 720 2995 856 3061; x_wconf 63' lang='lat' dir='ltr'>maren</span> 
     </span>
    </p>
   </div>
   <div class='ocr_carea' id='block_1_4' title="bbox 0 0 968 3750">
    <p class='ocr_par' dir='ltr' id='par_1_5' title="bbox 0 0 968 3750">
     <span class='ocr_line' id='line_1_30' title="bbox 0 0 968 3750; baseline 0 0"><span class='ocrx_word' id='word_1_190' title='bbox 0 0 968 3750; x_wconf 95' lang='lat' dir='ltr'> </span> 
     </span>
    </p>
   </div>
  </div>
 </body>
</html>
