1904 3750
72 228 166 289 irnt]
361 231 404 276 nn
425 230 571 278 ormcns.
849 216 905 278 188

72 388 102 435 et
128 378 237 453 Pelope
263 379 416 453 proditum,
442 380 507 456 jure
538 379 728 437 obtinebatur.
781 378 858 438 Nam

73 486 182 550 quanto
202 475 297 550 plures
317 476 344 532 ei
365 478 425 553 regi
447 487 540 551 putaS,
555 477 603 553 qui
618 477 745 534 exercitu
760 475 859 551 populi

73 570 201 626 Romani
223 572 357 645 populum
373 572 464 646 ipsum
479 571 645 628 Romanum
662 572 857 647 oppressisset,

74 667 275 740 civitatemque
295 686 353 722 non
375 668 461 723 modo
481 667 610 738 liberam,
626 668 675 723 scd
690 662 776 724 etiarn
791 687 859 744 gen·

73 763 150 818 tibus
165 763 361 837 imperantem,
376 763 482 819 servire
496 763 550 819 sibi
566 763 729 839 coegissetl
769 764 858 821 Hunc
885 767 902 818 5

73 867 103 914 tu
125 877 195 932 quas
217 859 399 915 couscientiae
419 859 499 915 labes
519 859 549 914 in
571 859 666 915 animo
689 879 790 916 censes
810 858 859 918 ha-

63 953 191 1028 ,buissel
219 974 280 1028 quae
301 955 438 1011 vulnera?
493 952 584 1030 Cujus
605 955 777 1012 autemyita
804 955 858 1031 ipsi

72 1061 167 1126 potest
188 1051 266 1108 utilis
286 1071 358 1122 esse,
374 1070 439 1107 cum
461 1050 522 1126 ejus
537 1051 601 1107 vitae
616 1068 651 1106 ea
664 1050 791 1108 conditio
811 1051 857 1122 sit,

73 1158 114 1218 ut,
142 1146 191 1221 qui
219 1147 296 1203 illam
330 1146 476 1222 eripuerit,
504 1146 534 1202 in
561 1145 685 1204 maxima
711 1155 741 1201 et
767 1146 858 1221 gratib

73 1241 187 1298 futurus
207 1242 243 1298 sit
263 1252 291 1298 et
311 1243 424 1318 glorial
463 1240 552 1302 Quod
572 1240 596 1297 si
617 1241 679 1297 haec
700 1239 781 1297 utilia
800 1259 857 1297 non
873 1248 903 1299 10

72 1348 149 1408 sunt,
177 1357 240 1412 quar
269 1339 392 1395 maxime
418 1338 559 1409 videntur,
588 1337 656 1411 quia
680 1336 766 1412 plena
792 1347 859 1394 sunt

74 1433 225 1490 dedecoris
247 1454 281 1491 ac
300 1434 501 1510 turpitudinis3
523 1435 591 1491 satis
611 1452 776 1508 persuasum
795 1451 858 1492 esse

73 1529 169 1599 debet,
194 1530 265 1586 nihil
289 1550 351 1588 esse
375 1531 455 1602 utile,
476 1531 551 1605 quod
576 1549 635 1587 non
660 1529 736 1586 idern
758 1529 859 1587 hones·

73 1634 133 1682 tum
147 1625 193 1682 sit.

113 1816 215 1874 XXII.
238 1816 412 1894 Quanquam
428 1819 456 1874 id
470 1820 595 1892 quidem,
607 1838 674 1876 cum
688 1839 763 1896 saepc
779 1820 857 1892 alias,
873 1824 904 1874 15

73 1923 135 1970 turn
155 1913 258 1988 Pyrrhi
277 1914 350 1972 bello
366 1915 428 1972 aC.
445 1914 590 1987 Fabricio,
605 1917 724 1973 consule
745 1917 858 1988 iterum,

74 2022 103 2068 et
125 2028 141 2066 a
161 2020 262 2066 senatu
283 2022 390 2078 nostro,
409 2011 569 2086 judicatum
590 2020 641 2067 est.
683 2011 758 2068 Corn
782 2011 859 2068 enim

74 2124 125 2163 rex
144 2106 270 2181 Pyrrhus
290 2107 396 2182 populo
416 2105 552 2162 Romano
566 2105 672 2161 bellum
693 2106 768 2162 ultro
786 2107 860 2162 intu-

74 2201 164 2272 lisset,
185 2221 308 2275 cumque
329 2203 364 2259 de
385 2200 505 2276 imperio
532 2209 678 2256 certamen
699 2210 773 2257 esset
793 2217 859 2256 cum

74 2316 143 2374 rege
163 2316 304 2374 generoso
326 2318 360 2355 ac
379 2307 511 2374 potente3
533 2296 653 2372 perfuga
673 2295 709 2352 ab
729 2313 763 2352 co
783 2294 860 2351 venit
874 2297 906 2347 2⁰

75 2393 105 2451 in
125 2405 221 2451 castra
241 2393 377 2464 Fabricii,
398 2394 483 2467 eique
503 2402 547 2449 est
572 2391 727 2467 pollicitus,
748 2391 772 2448 si
791 2409 861 2466 prae·

74 2489 165 2546 urium
186 2488 241 2545 sibi
262 2489 465 2564 proposuisset,
481 2507 521 2559 se,
536 2498 568 2544 ut
582 2487 656 2544 clam
670 2486 804 2557 venisset,
818 2485 861 2543 sic

75 2585 149 2642 clam
166 2584 195 2640 in
209 2583 310 2659 Pyrrhi
332 2594 426 2640 castra
445 2583 613 2654 rediturum,
628 2592 736 2640 etcum
750 2597 861 2638 veneno

74 2691 255 2739 necaturum.
297 2679 386 2736 Hunc
406 2679 557 2737 Fabricius
571 2678 767 2736 reducendum
782 2694 862 2733 cura-

73 2777 116 2837 rit
139 2757 357 2851 ad'Pyrrhum:
393 2775 478 2848 idque
504 2775 612 2832 factum
635 2775 697 2850 ejus
722 2793 739 2830 a
760 2782 861 2830 senatu
875 2777 907 2827 25

73 2872 223 2938 laudatum
238 2882 290 2928 est.
332 2871 433 2944 Atqui,
447 2870 471 2926 si
486 2871 612 2946 speciem
627 2869 758 2927 utilitatis
771 2867 864 2943 opini-

72 2985 220 3046 onemque
243 2967 407 3044 querimus,
428 2985 571 3048 magnum
587 2966 667 3028 ‘alluh
679 2965 806 3026 bellurn
818 2977 896 3039 w-
