1904 3750
80 254 121 313 96
292 262 431 320 nmmos,
451 262 526 310 siva
546 262 590 309 us
611 260 770 309 antonna

111 422 241 489 potest:
273 432 339 470 cum
367 412 501 471 homines
529 411 734 470 benevolentia
767 409 929 488 conjuncti,

128 509 253 586 primum
268 509 476 586 cupiditatibus
497 509 543 582 iis,
558 509 663 584 quibus
674 507 773 567 caeteri
787 507 929 581 serviunt,

130 606 321 683 imperabunt,
346 605 452 664 deinde
477 606 612 682 aequitate
629 604 799 681 justitiaque
820 604 929 682 gaude·

130 703 218 774 bunt;
239 704 393 780 omniaque
405 704 475 762 alter
489 722 542 779 pro
557 703 647 761 altero
661 701 817 778 suscipiet3
833 719 928 777 noque

97 820 114 869 5
130 801 284 876 quidquam
293 821 432 877 unquam,
441 801 499 859 nisi
513 801 665 859 honestum
677 810 707 857 et
719 810 844 872 rectum,
857 799 928 856 alter

130 899 166 956 ab
181 899 271 956 altero
284 899 458 975 postulabit:
480 917 574 973 neque
588 897 682 955 solum
692 915 725 954 sc
739 897 839 954 colent
853 896 929 954 inter

129 1014 170 1067 se,
186 1015 220 1053 ac
235 997 366 1075 diligent,
377 997 428 1054 sed
442 996 529 1054 etiam
544 995 735 1053 verebuntur:
757 1013 825 1051 nam
840 993 929 1052 maxi·

130 1113 208 1151 mum
222 1105 422 1154 ornamentum
438 1094 573 1152 amicitiae
587 1093 672 1164 tollit,
687 1091 737 1167 qui
751 1111 788 1150 ex
801 1091 838 1149 ea
852 1091 930 1149 tollit

132 1192 345 1250 verecundiam.

84 1308 115 1358 10
170 1289 272 1364 Itaque
294 1290 323 1348 in
345 1290 380 1347 iis
399 1289 581 1365 perniciosus
597 1298 641 1346 est
661 1305 751 1359 error,
767 1286 817 1362 qui
832 1285 929 1344 existi·

132 1398 222 1458 mant,
238 1387 391 1444 libidinum
411 1397 656 1463 peccatorumque
677 1383 807 1442 omnium
827 1394 928 1459 patere

132 1484 162 1541 in
182 1484 310 1541 amicitiai
330 1484 487 1542 licentiam.
529 1484 677 1540 Virtutum
699 1480 830 1539 amicitia
851 1481 930 1558 adju·

131 1580 188 1637 trix
202 1601 219 1638 a
232 1581 334 1638 natural
349 1581 417 1638 data
440 1591 492 1651 est,
507 1599 567 1637 non
591 1580 726 1636 vitiorum
748 1597 864 1648 comes3
887 1588 928 1649 ut,

132 1677 268 1750 quoniam
286 1677 412 1734 solitaria
434 1696 493 1733 non
512 1688 610 1752 posset
633 1677 723 1733 virtus
748 1677 783 1733 ad
805 1695 851 1747 ea,
866 1696 928 1751 quoe

86 1778 116 1826 15
132 1792 244 1831 summa
264 1784 340 1845 sunt,
361 1774 522 1849 pervenire,
538 1774 696 1849 conjuncta
716 1785 745 1832 et
759 1774 929 1831 consociata

132 1890 198 1928 cum
215 1871 304 1928 alteri
314 1871 493 1947 perveniret:
515 1891 578 1946 quae
593 1872 617 1928 si
629 1891 699 1946 quos
714 1872 788 1928 inter
803 1871 929 1928 societas

133 1979 181 2026 aut
196 1979 248 2039 est,
265 1980 313 2026 aut
328 1970 390 2040 luit,
407 1979 455 2026 aut
471 1970 566 2027 futura
582 1979 635 2040 cst,
650 1988 749 2026 corum
764 1979 808 2025 cst
823 1969 929 2026 haben·

132 2067 187 2124 dus
202 2068 236 2124 ad
251 2087 394 2124 summum
410 2079 519 2124 naturae
534 2069 641 2124 bonum
659 2067 785 2141 optimus
800 2067 929 2124 beatissi-

133 2183 253 2240 musque
269 2167 431 2222 comitatus,

85 2265 116 2314 20
174 2263 247 2319 Haec
261 2272 314 2333 est,
341 2263 467 2337 inquam,
483 2262 616 2333 societas,
632 2262 661 2319 in
686 2261 743 2336 quai
765 2260 865 2318 omnia
889 2261 929 2319 in·

133 2370 210 2430 sunt,
232 2380 295 2435 quae
309 2370 411 2435 putant
430 2360 561 2416 homines
583 2360 753 2434 expetenda,
783 2359 927 2429 honestas,

134 2457 236 2532 gloria,
252 2457 443 2532 tranquillitas
459 2457 557 2527 animi,
573 2468 657 2531 atque
679 2457 865 2533 jucunditas:
889 2468 928 2526 ut,

134 2573 201 2611 cum
217 2555 279 2610 haec
295 2555 399 2625 adsint,
415 2556 499 2611 beata
520 2555 577 2611 vita
601 2555 648 2625 sit,
664 2566 692 2611 et
718 2555 782 2610 sinc
807 2554 852 2610 his
867 2572 930 2609 esse

134 2671 192 2709 non
211 2652 310 2726 possit.
350 2652 440 2711 Quod
464 2671 530 2708 cnm
553 2652 694 2726 optimum
717 2651 930 2725 maximumque

86 2755 118 2801 25
134 2749 181 2819 sit,
203 2749 227 2806 si
248 2748 277 2805 id
292 2749 423 2805 volumus
446 2749 577 2824 adipisci,
602 2749 700 2807 virtuti
723 2768 810 2824 opera
836 2749 932 2805 danda

134 2858 178 2901 est
193 2867 199 2915 ;
222 2847 284 2903 sine
299 2847 356 2920 quai
371 2865 464 2920 neque
480 2846 637 2904 amicitiam
660 2864 753 2922 neque
767 2845 855 2902 ullam
870 2865 931 2902 rem

128 2943 328 3022 expetendam
352 2944 491 3020 consequi
522 2963 693 3020 possumus:
715 2942 751 3000 et
772 2960 839 2997 vero
863 2962 933 3020 neg·

117 3039 216 3122 lectt,
234 3048 287 3128 qui
315 3066 351 3108 se
376 3044 490 3107 amicos
506 3042 620 3100 babeas
632 3040 890 3106 antiniana-mum
902 3059 937 3096 sa
