1904 3750
220 269 359 328 LAELIUS,
378 267 452 315 s1v1e
474 267 518 314 nn
538 266 696 315 arnume.
866 258 907 318 5⁷

66 437 87 477 a
101 417 241 494 patribus,
256 418 379 476 maxime
398 415 614 475 memorabilem
628 415 662 474 C.
678 414 760 473 Laelii
779 426 808 473 et
825 415 857 474 P.

64 515 217 591 Scipionis
231 515 454 572 familiaritatem
468 514 566 585 fuisse,
577 513 684 570 idonea
693 513 764 570 mibi
775 512 859 571 Laelii

63 612 320 689 personavisaest,
328 631 391 686 que
399 612 436 669 de
446 611 573 669 amicitie
581 629 617 668 ea
625 610 857 686 ipsadissereret,

63 728 131 785 que
146 707 291 784 disputate
305 708 341 766 ab
354 726 391 765 eo
405 707 583 765 meminisset
600 707 739 765 Scaevola.

108 805 208 863 Genus
220 815 315 863 nutem
329 804 385 862 hoc
400 823 574 876 sermonum,
584 803 710 880 positum
725 804 755 861 in
769 803 860 861 homi·
874 823 891 872 5

64 921 137 960 nurn
159 912 287 959 veterum
312 901 492 972 auctoritate,
518 910 548 958 et
571 919 671 958 eorum
695 901 858 973 illustrium,

64 998 142 1074 plus,
157 997 257 1055 nescio
273 1015 330 1072 quo
345 1008 441 1073 pecto,
457 997 568 1055 videtur
582 996 689 1054 habere
702 997 857 1073 gravitatis.

69 1094 171 1169 Itaque
188 1094 259 1170 ipse,
274 1113 340 1151 mea
352 1095 462 1171 legens,
477 1094 520 1151 sic
536 1093 644 1151 afficior
659 1093 813 1165 interdum,
828 1104 860 1151 ut

64 1189 223 1263 Catonem,
245 1210 304 1249 non
331 1209 388 1262 me,
411 1191 491 1266 loqui
516 1190 686 1248 existimem.
736 1190 806 1262 Sed,
828 1200 860 1247 ut

64 1297 131 1346 tum
151 1286 185 1344 ad
205 1307 304 1345 senem
318 1306 407 1344 senex
427 1288 463 1344 de
483 1296 643 1358 senectute,
658 1286 701 1344 sic
715 1286 772 1343 hoc
785 1285 860 1344 libro
876 1295 907 1344 10

70 1382 106 1442 ad
140 1384 264 1441 amicum
299 1383 491 1442 amicissimus
521 1382 558 1440 de
589 1382 718 1440 amicitis
747 1381 859 1458 scripsi.

64 1479 149 1538 Tum
163 1490 207 1537 est
221 1479 296 1538 Cato
310 1480 435 1552 locutus,
447 1500 503 1554 quo
516 1490 578 1537 erat
591 1498 677 1537 nemo
692 1479 752 1536 sere
766 1478 861 1537 senior

66 1576 247 1653 temporibus
261 1575 328 1647 illis,
343 1595 429 1632 nemo
442 1577 629 1652 prudentior:
650 1594 730 1635 nunc
744 1575 860 1648 Lelius,

67 1682 101 1730 et
123 1672 237 1748 sapiens
260 1670 318 1749 (sic
340 1671 419 1729 enim
443 1683 487 1730 est
510 1672 651 1752 babitus),
673 1682 702 1730 et
727 1671 861 1730 amicitie

66 1768 164 1846 gloria
183 1768 338 1840 excellens,
360 1767 396 1825 de
418 1769 546 1826 amicitie
566 1769 700 1844 loquitur.
741 1768 802 1841 Tu,
816 1786 863 1826 re·
878 1787 909 1836 15

67 1863 132 1936 lim,
154 1864 281 1922 animum
302 1884 320 1922 a
337 1883 384 1922 me
403 1884 556 1941 parumper
577 1875 709 1935 avertss;
738 1865 862 1923 Laelium

68 1960 150 2036 loqui
164 1961 257 2037 ipsum
271 1971 364 2037 putes.
404 1961 439 2020 C.
454 1961 585 2019 Fannius
599 1971 628 2018 et
640 1961 680 2022 Q.
693 1960 812 2018 Mucius
826 1961 862 2018 ad
882 2017 884 2021 ,

67 2076 205 2116 socerum
225 2058 345 2115 veniunt
363 2068 429 2133 post
448 2069 569 2115 mortem
590 2056 741 2115 Africani:
764 2059 799 2115 ab
818 2057 863 2113 bis

67 2172 166 2212 sermo
180 2153 288 2211 oritur:
309 2154 464 2230 respondet
481 2153 604 2223 Laelius3
626 2153 709 2228 cujus
728 2163 789 2210 tota
808 2151 864 2209 dis·

67 2251 183 2326 putatio
203 2260 247 2307 est
267 2250 304 2307 dc
325 2250 463 2322 amicitis,
478 2269 563 2326 quem
579 2249 680 2327 legens
700 2258 732 2306 tu
751 2259 781 2306 te
802 2248 863 2324 ipse
878 2263 911 2313 uo

69 2365 242 2424 cognosces.

112 2537 153 2597 11.
194 2539 336 2597 Fannius.
380 2541 456 2598 Sunt
482 2540 547 2612 ista,
575 2539 669 2598 Laeli:
703 2556 760 2595 nec
786 2537 864 2595 enim

70 2635 175 2694 melior
193 2635 235 2692 vir
256 2636 310 2694 fuit
330 2636 471 2694 Africano
491 2637 652 2713 qnisquam,
673 2653 729 2693 nec
749 2633 864 2692 clarior.

69 2733 135 2792 sed
149 2732 313 2791 existimare
327 2733 425 2804 debes,
440 2733 568 2790 omnium
583 2731 683 2790 oculos
701 2731 731 2789 in
752 2742 781 2789 te
801 2749 865 2788 esse

71 2829 242 2906 conjectos:
267 2849 358 2887 unum
381 2838 410 2886 te
434 2829 593 2905 sapientem
616 2838 646 2886 et
670 2828 814 2904 appellant
837 2837 867 2885 et
881 2838 914 2889 25

71 2927 249 2985 existimant.
290 2925 488 2984 Tribuebatur
505 2926 563 2983 hoc
579 2927 666 2984 modo
682 2923 724 2984 Μ.
740 2925 866 2984 Catoni:

71 3023 195 3096 sumus,
211 3022 245 3082 L.
259 3022 385 3082 Atilium
406 3023 485 3102 npnd
501 3032 606 3102 patres
621 3031 749 3082 nostros
757 3016 896 3090 auur&-
