1904 3750
129 185 186 244 112
468 196 511 241 on
533 196 678 242 correus.
876 194 917 255 [ι

212 343 281 404 XII.
310 345 385 405 Mihr
405 347 532 423 quidem,
552 366 611 404 nou
632 347 706 423 apud
732 345 836 403 Medos
856 345 948 403 solnm

172 449 207 500 ut
226 441 266 501 ait
286 440 461 515 Herodotus,
482 443 532 500 sed
553 443 640 501 etiarn
661 443 736 518 apud
758 444 878 518 majores
896 460 945 498 uo

173 546 243 609 tros,
255 537 372 615 justitia
393 539 520 597 fruendae
543 539 631 597 causi
650 539 783 597 ridentur
804 538 873 596 olim
886 539 952 594 ben

63 646 72 661 ‘
173 635 278 693 morati
297 653 379 712 regen
400 635 557 693 constituti.
598 634 629 692 N
632 655 687 706 arn,
702 653 768 692 curn
784 645 946 710 premeretu

142 729 258 806 binops
277 731 432 789 multitudo
453 733 489 790 ab
510 731 546 790 iis
565 731 613 808 qui
637 732 760 807 majores
783 750 853 807 opes
877 731 946 788 hab

174 825 253 900 bant,
282 829 318 885 ad
344 848 434 886 unum
466 829 589 904 aliquem
615 828 830 905 confugiebant,
858 828 945 884 virtut

173 932 373 998 prestantem
394 924 453 1000 qui,
468 943 535 982 curn
554 924 720 1000 prohiberet
735 923 840 999 injurid
853 923 947 980 tenui·

174 1037 231 1092 res,
247 1022 382 1095 equitate
402 1021 603 1079 constituendi
623 1039 749 1078 summos
770 1038 836 1077 cum
857 1019 946 1076 infim'

173 1115 237 1192 pari
247 1115 312 1192 jure
325 1116 475 1176 retinebat.
516 1117 683 1193 Eademque
697 1115 952 1176 constituendam

129 1217 160 1268 10
175 1211 272 1290 legum
287 1213 341 1271 fuit
355 1232 451 1286 causa,
466 1233 529 1288 qnae
543 1232 652 1291 regum.
693 1213 747 1270 Jus
760 1213 838 1270 enirn
852 1229 949 1287 sempe

175 1309 325 1385 quesitum
346 1319 390 1367 est
409 1310 565 1385 aequabile:
586 1310 772 1385 nequeenim
787 1309 868 1368 aliter
889 1327 952 1365 ess

172 1404 228 1481 jus.
269 1406 305 1464 Id
318 1405 343 1463 ai
358 1407 394 1463 ob
407 1424 466 1463 uno
484 1407 562 1483 justo
582 1416 611 1463 ct
630 1407 708 1463 bono
729 1406 789 1464 viro
808 1423 952 1480 consequ

176 1501 289 1573 bantur,
304 1510 435 1559 onerant
452 1501 591 1559 conteuti.
633 1502 708 1560 Cum
730 1502 760 1560 id
780 1502 876 1559 minus
897 1519 946 1559 co·

175 1596 309 1674 tingeret,
324 1597 403 1675 leges
423 1607 490 1654 sunt
510 1598 643 1671 inventae,
658 1618 721 1674 quae
742 1618 807 1656 cum
831 1598 930 1655 omnib

130 1694 160 1744 1⁵
176 1710 287 1770 semper
321 1693 379 1752 und
414 1703 498 1768 atque
530 1696 633 1752 elidem
664 1714 736 1753 voce
769 1695 938 1769 loquereutu

176 1788 254 1866 Ergo
274 1790 331 1848 hoc
351 1791 466 1866 quidem
485 1792 668 1868 perspicuum
690 1802 743 1863 est,
758 1811 808 1848 eos
828 1792 862 1849 ad
878 1792 952 1868 imp

176 1886 297 1944 randum
319 1887 407 1963 deligi
428 1889 537 1959 solitos,
552 1908 672 1963 quorum
688 1889 724 1945 de
735 1888 846 1965 justitid
861 1908 946 1965 magn

177 1993 253 2041 esset
277 1983 376 2060 opinio
403 1985 603 2043 multitudinis.
654 1986 803 2062 Adjuncto
829 2004 905 2056 vero,

177 2079 265 2137 iidem
292 2081 379 2138 etiam
405 2083 560 2156 prudentes
588 2083 770 2153 haberentur,
794 2082 866 2139 nihil
894 2101 952 2139 era

128 2185 161 2235 20
176 2178 252 2253 quod
267 2178 399 2237 homines
412 2179 457 2237 bis
472 2180 637 2237 auctoribus
650 2198 709 2236 nou
727 2198 812 2253 posse
826 2197 934 2253 conseq

177 2292 208 2331 se
228 2259 442 2333 arbitrarentur.
489 2275 578 2333 Omni
600 2276 686 2353 igitur
709 2276 820 2333 ratione
842 2275 947 2333 colend

177 2381 206 2427 et
225 2372 377 2429 retinenda
397 2372 510 2448 justitia
528 2382 581 2444 est,
603 2385 664 2431 tum
686 2373 747 2448 ipsa
765 2383 881 2447 propter
902 2390 948 2428 ses

178 2464 260 2543 (nam
288 2467 369 2524 aliter
397 2467 509 2542 justitio
535 2487 593 2525 non
627 2471 727 2548 esset),
755 2479 815 2525 tum
849 2478 948 2544 propte

178 2562 429 2637 amplificationem
463 2563 581 2621 honoris
614 2576 643 2622 et
677 2565 784 2642 gloriae.
837 2564 906 2632 Sed,
934 2583 946 2620 r

129 2674 162 2726 25
176 2659 309 2733 pecuniae
335 2677 395 2715 non
421 2660 581 2734 quaerenda
611 2662 703 2718 solum
731 2662 805 2719 ratio
832 2670 886 2732 est,
915 2679 944 2717 oe

177 2752 265 2812 etiam
285 2753 472 2825 collocandae,
493 2774 556 2829 quae
575 2768 728 2833 perpetuos
751 2767 882 2833 sumptus
902 2776 942 2833 au]

164 2848 292 2922 peditat,
307 2868 366 2910 nec
377 2850 471 2910 nolum
491 2853 680 2926 necessarios,
694 2854 745 2911 aed
760 2854 848 2912 etiarn
863 2854 940 2912 liber
