1904 3750
75 569 131 630 164
406 576 449 624 nn
472 574 617 624 osricus.
815 574 853 637 [a.
863 573 907 623 ur.

121 746 187 784 cum
208 724 303 784 Persis
328 723 390 797 ruit,
410 724 483 782 dixit
509 724 539 782 in
567 722 722 797 concione,
743 740 777 782 se
802 723 908 782 habere

120 822 274 879 consilium
294 821 459 897 reipublicae
480 821 613 893 salutare,
628 820 678 877 sed
696 820 726 878 id
747 821 817 879 sciri
837 839 907 898 opus

119 937 178 976 non
193 937 263 975 esse.
305 917 472 989 Postulavit,
488 927 519 975 ut
534 918 657 993 aliquem
673 917 799 993 populus
818 918 905 989 daret,

119 1015 237 1088 quicum
273 1013 516 1072 communicaret:
554 1013 639 1071 datus
674 1023 719 1070 est
755 1014 905 1072 Aristides.

86 1110 199 1167 5Huic
221 1111 278 1183 ille,
300 1111 421 1168 classem
443 1108 737 1182 Lacedaemoniorum,
759 1129 824 1186 quae
844 1111 907 1169 sub·

119 1206 207 1265 ducta
231 1218 307 1266 esset
328 1207 362 1265 ad
383 1208 538 1284 Gytheum,
560 1206 634 1265 clam
661 1205 782 1264 incendi
806 1225 905 1283 posse;

119 1322 176 1378 quo
191 1305 268 1362 sacto
290 1305 383 1381 frangi
403 1303 689 1362 Lacedaemoniorum
703 1320 775 1378 opes
787 1321 906 1361 necesse

118 1412 202 1459 esset.
243 1402 334 1464 Quod
359 1401 502 1458 Aristides
529 1417 596 1456 cum
624 1396 760 1471 audisset,
782 1399 813 1456 in
840 1418 906 1457 con·

120 1497 235 1556 cionem
261 1499 367 1574 magnis
399 1495 612 1572 exspectatione
638 1493 733 1564 venit;
768 1495 904 1571 dixitque,

73 1605 104 1655 10
118 1595 241 1669 perutile
267 1613 330 1651 esse
352 1592 514 1663 consilium,
536 1590 612 1665 quod
633 1589 849 1650 Themistocles
869 1591 906 1649 tf·

119 1689 215 1760 ferret,
231 1689 280 1745 sed
295 1688 413 1744 minime
431 1687 591 1743 honestum.
633 1685 734 1761 Itaque
748 1686 906 1745 Athenien·

119 1803 174 1854 ses,
194 1784 269 1858 quod
290 1783 442 1839 honestum
463 1801 521 1838 non
542 1793 627 1854 esset,
647 1783 676 1839 id
697 1801 735 1839 ne
755 1783 827 1841 utile
847 1783 906 1858 qui·

119 1879 184 1934 dem
205 1887 392 1952 putaverunt:
417 1887 563 1952 totamque
585 1897 649 1935 eam
670 1897 741 1950 rem,
764 1898 851 1955 quam
870 1897 905 1936 ne

120 1972 269 2029 audierant
294 1972 419 2046 quidem,
442 1984 558 2031 auctore
579 1974 718 2045 Aristide,
740 1976 906 2050 repudiave-

71 2081 102 2130 15
118 2078 193 2125 runt.
235 2067 343 2124 Melius
363 2068 402 2140 hi,
425 2089 509 2144 quam
530 2090 590 2140 noe,
609 2070 657 2145 qui
677 2070 785 2146 piratas
807 2070 906 2130 immu-

118 2182 180 2236 nes,
195 2165 289 2223 sooios
303 2166 467 2243 vectigales,
482 2165 628 2225 habemus.
689 2146 694 2155 „

157 2358 228 2418 Xll.
251 2357 370 2417 Maneat
396 2378 475 2438 ergo,
497 2361 573 2435 quod
600 2371 683 2435 turpe
709 2359 757 2432 sit,
779 2360 809 2417 id
835 2380 907 2420 nure

117 2475 203 2532 quam
223 2475 286 2513 esse
307 2456 386 2529 utile,
401 2476 438 2514 ne
459 2466 519 2514 tum
540 2457 666 2531 quidem,
686 2474 753 2513 cum
775 2456 814 2528 id,
831 2457 906 2533 quod

119 2572 181 2610 esse
202 2554 271 2611 utile
291 2564 385 2630 putes,
406 2553 572 2629 adipiscare.
614 2552 682 2609 Hoc
702 2553 780 2609 enirn
802 2552 904 2629 ipsum,

71 2663 103 2714 20
118 2651 188 2708 utile
201 2661 301 2727 putare
316 2651 390 2726 quod
405 2661 486 2726 turpe
500 2649 546 2721 sit,
562 2648 761 2705 calamitosum
776 2661 828 2708 est.

159 2748 216 2805 Sed
233 2747 364 2804 incidunt
379 2745 425 2824 (ut
439 2765 525 2821 supra
539 2744 611 2823 dixi)
627 2763 702 2819 saepe
717 2764 824 2817 causae,
839 2764 904 2804 cum

119 2861 278 2919 repugnare
299 2842 407 2899 utilitas
422 2841 564 2899 honestati
584 2841 711 2909 videtur3
733 2852 765 2899 ut
781 2842 907 2900 animad-

118 2939 286 2996 vertendum
307 2937 353 3008 sit,
368 2948 547 3016 repugnetne
566 2937 660 3013 plane,
677 2956 712 2993 an
733 2939 826 3014 possit
839 2956 905 2997 cum

119 3033 266 3091 honestate
281 3034 427 3110 conjungi.
469 3034 540 3110 Ejus
553 3033 666 3111 generis
681 3033 725 3089 hae
740 3045 807 3093 sunt
817 3055 907 3111 qums·

71 3134 102 3188 ὃ
118 3128 229 3186 tiones:
258 3129 290 3185 Si
312 3128 448 3205 (exempli
475 3129 580 3207 grstid)
602 3128 759 3186 virbonus
781 3131 908 3188 Alexan·

115 3222 179 3280 drid
200 3223 339 3281 Rhodum
363 3241 500 3298 magnum
524 3223 658 3281 frumenti
684 3243 836 3284 numerum
858 3227 906 3284 ad·

103 3321 218 3379 vexerit
233 3321 267 3380 in
283 3318 474 3380 Rhodiorum
485 3318 586 3395 inopiis
597 3328 628 3375 et
637 3318 726 3389 lame,
736 3322 907 3399 summique
