<?xml version="1.0" encoding="UTF-8"?>
<!DOCTYPE html PUBLIC "-//W3C//DTD XHTML 1.0 Transitional//EN"
    "http://www.w3.org/TR/xhtml1/DTD/xhtml1-transitional.dtd">
<html xmlns="http://www.w3.org/1999/xhtml" xml:lang="en" lang="en">
 <head>
  <title>
</title>
<meta http-equiv="Content-Type" content="text/html;charset=utf-8" />
  <meta name='ocr-system' content='tesseract 3.04.00' />
  <meta name='ocr-capabilities' content='ocr_page ocr_carea ocr_par ocr_line ocrx_word'/>
</head>
<body>
  <div class='ocr_page' id='page_1' title='image "./mtciceronisdeof00dillgoog/mtciceronisdeof00dillgoog_0201.png"; bbox 0 0 1904 3750; ppageno 0'>
   <div class='ocr_carea' id='block_1_1' title="bbox 80 171 914 280">
    <p class='ocr_par' dir='ltr' id='par_1_1' title="bbox 80 171 914 280">
     <span class='ocr_line' id='line_1_1' title="bbox 80 171 914 280; baseline -0.001 -38"><span class='ocrx_word' id='word_1_1' title='bbox 80 189 137 250; x_wconf 78' lang='lat'>194</span> <span class='ocrx_word' id='word_1_2' title='bbox 413 197 456 242; x_wconf 83' lang='lat' dir='ltr'>nn</span> <span class='ocrx_word' id='word_1_3' title='bbox 479 197 624 242; x_wconf 83' lang='lat' dir='ltr'>orrrcrrs.</span> <span class='ocrx_word' id='word_1_4' title='bbox 740 174 743 184; x_wconf 86' lang='lat'>&#39;</span> <span class='ocrx_word' id='word_1_5' title='bbox 804 171 914 280; x_wconf 32' lang='lat' dir='ltr'>‘norit</span> 
     </span>
    </p>
   </div>
   <div class='ocr_carea' id='block_1_2' title="bbox 74 344 916 2342">
    <p class='ocr_par' dir='ltr' id='par_1_2' title="bbox 74 344 916 2342">
     <span class='ocr_line' id='line_1_2' title="bbox 124 344 914 427; baseline -0.006 -23"><span class='ocrx_word' id='word_1_6' title='bbox 124 345 170 425; x_wconf 87' lang='lat' dir='ltr'>(ut</span> <span class='ocrx_word' id='word_1_7' title='bbox 183 346 214 404; x_wconf 92' lang='lat' dir='ltr'>in</span> <span class='ocrx_word' id='word_1_8' title='bbox 227 347 349 406; x_wconf 83' lang='lat' dir='ltr'>Catonis</span> <span class='ocrx_word' id='word_1_9' title='bbox 370 349 500 405; x_wconf 87' lang='lat' dir='ltr'>oratione</span> <span class='ocrx_word' id='word_1_10' title='bbox 520 349 577 427; x_wconf 89' lang='lat' dir='ltr'>est)</span> <span class='ocrx_word' id='word_1_11' title='bbox 597 347 718 424; x_wconf 83' lang='lat' dir='ltr'>majores</span> <span class='ocrx_word' id='word_1_12' title='bbox 738 344 829 403; x_wconf 85' lang='lat' dir='ltr'>nostri</span> <span class='ocrx_word' id='word_1_13' title='bbox 849 363 914 400; x_wconf 89' lang='lat' dir='ltr'>esse</span> 
     </span>
     <span class='ocr_line' id='line_1_3' title="bbox 122 441 913 519; baseline -0.004 -18"><span class='ocrx_word' id='word_1_14' title='bbox 122 444 282 502; x_wconf 86' lang='lat' dir='ltr'>voluerunt.</span> <span class='ocrx_word' id='word_1_15' title='bbox 333 445 374 502; x_wconf 88' lang='lat' dir='ltr'>At</span> <span class='ocrx_word' id='word_1_16' title='bbox 394 445 471 502; x_wconf 92' lang='lat' dir='ltr'>enim</span> <span class='ocrx_word' id='word_1_17' title='bbox 492 463 529 500; x_wconf 92' lang='lat' dir='ltr'>ne</span> <span class='ocrx_word' id='word_1_18' title='bbox 551 445 640 502; x_wconf 85' lang='lat' dir='ltr'>iratus</span> <span class='ocrx_word' id='word_1_19' title='bbox 661 443 778 519; x_wconf 88' lang='lat' dir='ltr'>quidem</span> <span class='ocrx_word' id='word_1_20' title='bbox 799 441 913 516; x_wconf 86' lang='lat' dir='ltr'>Jupiter</span> 
     </span>
     <span class='ocr_line' id='line_1_4' title="bbox 122 537 913 617; baseline -0.006 -19"><span class='ocrx_word' id='word_1_21' title='bbox 122 540 186 617; x_wconf 86' lang='lat' dir='ltr'>plus</span> <span class='ocrx_word' id='word_1_22' title='bbox 213 540 329 617; x_wconf 84' lang='lat' dir='ltr'>Regulo</span> <span class='ocrx_word' id='word_1_23' title='bbox 356 541 514 611; x_wconf 84' lang='lat' dir='ltr'><strong>nocuisset,</strong></span> <span class='ocrx_word' id='word_1_24' title='bbox 537 560 623 616; x_wconf 85' lang='lat' dir='ltr'>quam</span> <span class='ocrx_word' id='word_1_25' title='bbox 647 540 702 597; x_wconf 87' lang='lat' dir='ltr'>sibi</span> <span class='ocrx_word' id='word_1_26' title='bbox 725 537 827 596; x_wconf 81' lang='lat' dir='ltr'><strong>nocuit</strong></span> <span class='ocrx_word' id='word_1_27' title='bbox 851 537 913 612; x_wconf 86' lang='lat' dir='ltr'>ipse</span> 
     </span>
     <span class='ocr_line' id='line_1_5' title="bbox 123 633 914 712; baseline -0.003 -20"><span class='ocrx_word' id='word_1_28' title='bbox 123 634 265 712; x_wconf 84' lang='lat' dir='ltr'><strong>Regulus.</strong></span> <span class='ocrx_word' id='word_1_29' title='bbox 327 637 424 708; x_wconf 85' lang='lat' dir='ltr'>Certe,</span> <span class='ocrx_word' id='word_1_30' title='bbox 453 637 477 694; x_wconf 89' lang='lat' dir='ltr'>si</span> <span class='ocrx_word' id='word_1_31' title='bbox 504 636 574 694; x_wconf 88' lang='lat' dir='ltr'>nihil</span> <span class='ocrx_word' id='word_1_32' title='bbox 609 636 716 692; x_wconf 79' lang='lat' dir='ltr'>malurn</span> <span class='ocrx_word' id='word_1_33' title='bbox 743 644 829 708; x_wconf 87' lang='lat' dir='ltr'>esset,</span> <span class='ocrx_word' id='word_1_34' title='bbox 856 633 914 691; x_wconf 87' lang='lat' dir='ltr'>nisi</span> 
     </span>
     <span class='ocr_line' id='line_1_6' title="bbox 93 730 914 805; baseline -0.002 -17"><span class='ocrx_word' id='word_1_35' title='bbox 93 730 229 788; x_wconf 75' lang='lat' dir='ltr'>bdolere.</span> <span class='ocrx_word' id='word_1_36' title='bbox 290 730 325 788; x_wconf 92' lang='lat' dir='ltr'>Id</span> <span class='ocrx_word' id='word_1_37' title='bbox 354 741 450 788; x_wconf 86' lang='lat' dir='ltr'>autem</span> <span class='ocrx_word' id='word_1_38' title='bbox 478 751 536 789; x_wconf 91' lang='lat' dir='ltr'>non</span> <span class='ocrx_word' id='word_1_39' title='bbox 563 731 650 788; x_wconf 91' lang='lat' dir='ltr'>modo</span> <span class='ocrx_word' id='word_1_40' title='bbox 675 750 734 787; x_wconf 92' lang='lat' dir='ltr'>non</span> <span class='ocrx_word' id='word_1_41' title='bbox 769 747 914 805; x_wconf 87' lang='lat' dir='ltr'>summum</span> 
     </span>
     <span class='ocr_line' id='line_1_7' title="bbox 76 825 914 903; baseline -0.002 -19"><span class='ocrx_word' id='word_1_42' title='bbox 76 866 78 871; x_wconf 90' lang='lat'>-</span> <span class='ocrx_word' id='word_1_43' title='bbox 123 826 240 899; x_wconf 86' lang='lat' dir='ltr'>malum,</span> <span class='ocrx_word' id='word_1_44' title='bbox 267 827 318 885; x_wconf 90' lang='lat' dir='ltr'>sed</span> <span class='ocrx_word' id='word_1_45' title='bbox 345 847 382 885; x_wconf 91' lang='lat' dir='ltr'>ne</span> <span class='ocrx_word' id='word_1_46' title='bbox 410 829 516 886; x_wconf 83' lang='lat' dir='ltr'>malum</span> <span class='ocrx_word' id='word_1_47' title='bbox 544 827 659 903; x_wconf 89' lang='lat' dir='ltr'>quidem</span> <span class='ocrx_word' id='word_1_48' title='bbox 687 845 760 898; x_wconf 86' lang='lat' dir='ltr'>esse,</span> <span class='ocrx_word' id='word_1_49' title='bbox 788 825 914 883; x_wconf 71' lang='lat' dir='ltr'>maximd</span> 
     </span>
     <span class='ocr_line' id='line_1_8' title="bbox 124 923 914 1001; baseline -0.003 -21"><span class='ocrx_word' id='word_1_50' title='bbox 124 924 293 982; x_wconf 81' lang='lat' dir='ltr'>auctoritate</span> <span class='ocrx_word' id='word_1_51' title='bbox 306 925 469 1001; x_wconf 87' lang='lat' dir='ltr'>philosophi</span> <span class='ocrx_word' id='word_1_52' title='bbox 484 925 624 982; x_wconf 85' lang='lat' dir='ltr'>affirmant</span> <span class='ocrx_word' id='word_1_53' title='bbox 632 944 640 994; x_wconf 81' lang='lat'><em>3</em></span> <span class='ocrx_word' id='word_1_54' title='bbox 663 942 783 998; x_wconf 90' lang='lat' dir='ltr'>quorum</span> <span class='ocrx_word' id='word_1_55' title='bbox 797 923 914 997; x_wconf 90' lang='lat' dir='ltr'>quidem</span> 
     </span>
     <span class='ocr_line' id='line_1_9' title="bbox 123 1018 915 1096; baseline -0.003 -20"><span class='ocrx_word' id='word_1_56' title='bbox 123 1028 226 1077; x_wconf 86' lang='lat' dir='ltr'>testem</span> <span class='ocrx_word' id='word_1_57' title='bbox 246 1039 305 1077; x_wconf 92' lang='lat' dir='ltr'>non</span> <span class='ocrx_word' id='word_1_58' title='bbox 324 1022 511 1093; x_wconf 85' lang='lat' dir='ltr'>mediocrem,</span> <span class='ocrx_word' id='word_1_59' title='bbox 526 1021 576 1077; x_wconf 88' lang='lat' dir='ltr'>sed</span> <span class='ocrx_word' id='word_1_60' title='bbox 590 1020 666 1077; x_wconf 85' lang='lat' dir='ltr'>haud</span> <span class='ocrx_word' id='word_1_61' title='bbox 681 1019 743 1076; x_wconf 89' lang='lat' dir='ltr'>scio</span> <span class='ocrx_word' id='word_1_62' title='bbox 759 1038 794 1076; x_wconf 87' lang='lat' dir='ltr'>an</span> <span class='ocrx_word' id='word_1_63' title='bbox 808 1018 915 1096; x_wconf 82' lang='lat' dir='ltr'>gravis-</span> 
     </span>
     <span class='ocr_line' id='line_1_10' title="bbox 124 1115 912 1193; baseline -0.001 -21"><span class='ocrx_word' id='word_1_64' title='bbox 124 1115 238 1188; x_wconf 87' lang='lat' dir='ltr'>simum,</span> <span class='ocrx_word' id='word_1_65' title='bbox 274 1116 432 1193; x_wconf 81' lang='lat' dir='ltr'>Regulum,</span> <span class='ocrx_word' id='word_1_66' title='bbox 466 1116 566 1186; x_wconf 90' lang='lat' dir='ltr'>nolite,</span> <span class='ocrx_word' id='word_1_67' title='bbox 602 1134 708 1191; x_wconf 77' lang='lat' dir='ltr'>queso,</span> <span class='ocrx_word' id='word_1_68' title='bbox 742 1115 912 1190; x_wconf 85' lang='lat' dir='ltr'>vituperare.</span> 
     </span>
     <span class='ocr_line' id='line_1_11' title="bbox 74 1210 914 1288; baseline -0.006 -16"><span class='ocrx_word' id='word_1_69' title='bbox 74 1223 110 1281; x_wconf 61' lang='lat'>,10</span> <span class='ocrx_word' id='word_1_70' title='bbox 123 1211 222 1274; x_wconf 80' lang='lat' dir='ltr'>Quem</span> <span class='ocrx_word' id='word_1_71' title='bbox 237 1213 313 1269; x_wconf 90' lang='lat' dir='ltr'>enim</span> <span class='ocrx_word' id='word_1_72' title='bbox 328 1212 545 1288; x_wconf 84' lang='lat' dir='ltr'>locupletiorem</span> <span class='ocrx_word' id='word_1_73' title='bbox 560 1213 723 1287; x_wconf 71' lang='lat' dir='ltr'>querimus,</span> <span class='ocrx_word' id='word_1_74' title='bbox 738 1230 823 1286; x_wconf 84' lang='lat' dir='ltr'>quam</span> <span class='ocrx_word' id='word_1_75' title='bbox 838 1210 914 1286; x_wconf 90' lang='lat' dir='ltr'>prin·</span> 
     </span>
     <span class='ocr_line' id='line_1_12' title="bbox 124 1305 916 1383; baseline -0.003 -19"><span class='ocrx_word' id='word_1_76' title='bbox 124 1307 219 1382; x_wconf 90' lang='lat' dir='ltr'>cipem</span> <span class='ocrx_word' id='word_1_77' title='bbox 251 1307 350 1383; x_wconf 93' lang='lat' dir='ltr'>populi</span> <span class='ocrx_word' id='word_1_78' title='bbox 384 1306 521 1377; x_wconf 87' lang='lat' dir='ltr'>Romani,</span> <span class='ocrx_word' id='word_1_79' title='bbox 556 1307 615 1382; x_wconf 91' lang='lat' dir='ltr'>qui,</span> <span class='ocrx_word' id='word_1_80' title='bbox 647 1306 790 1363; x_wconf 89' lang='lat' dir='ltr'>retinendi</span> <span class='ocrx_word' id='word_1_81' title='bbox 824 1305 916 1363; x_wconf 89' lang='lat' dir='ltr'>officii</span> 
     </span>
     <span class='ocr_line' id='line_1_13' title="bbox 125 1399 912 1474; baseline -0.003 -14"><span class='ocrx_word' id='word_1_82' title='bbox 125 1403 223 1474; x_wconf 71' lang='lat' dir='ltr'>causi,</span> <span class='ocrx_word' id='word_1_83' title='bbox 245 1403 405 1460; x_wconf 86' lang='lat' dir='ltr'>cruciatum</span> <span class='ocrx_word' id='word_1_84' title='bbox 426 1402 545 1459; x_wconf 85' lang='lat' dir='ltr'>subierit</span> <span class='ocrx_word' id='word_1_85' title='bbox 566 1402 777 1459; x_wconf 87' lang='lat' dir='ltr'>voluntariuml</span> <span class='ocrx_word' id='word_1_86' title='bbox 823 1399 912 1473; x_wconf 84' lang='lat' dir='ltr'>Nom,</span> 
     </span>
     <span class='ocr_line' id='line_1_14' title="bbox 123 1497 914 1574; baseline 0 -20"><span class='ocrx_word' id='word_1_87' title='bbox 123 1497 201 1573; x_wconf 91' lang='lat' dir='ltr'>quod</span> <span class='ocrx_word' id='word_1_88' title='bbox 222 1499 311 1570; x_wconf 82' lang='lat' dir='ltr'>aiunt,</span> <span class='ocrx_word' id='word_1_89' title='bbox 326 1498 446 1556; x_wconf 85' lang='lat' dir='ltr'>minima</span> <span class='ocrx_word' id='word_1_90' title='bbox 465 1498 501 1555; x_wconf 92' lang='lat' dir='ltr'>de</span> <span class='ocrx_word' id='word_1_91' title='bbox 521 1499 614 1569; x_wconf 84' lang='lat' dir='ltr'>malis,</span> <span class='ocrx_word' id='word_1_92' title='bbox 629 1499 658 1555; x_wconf 97' lang='lat' dir='ltr'>id</span> <span class='ocrx_word' id='word_1_93' title='bbox 679 1509 732 1568; x_wconf 89' lang='lat' dir='ltr'>est,</span> <span class='ocrx_word' id='word_1_94' title='bbox 747 1508 779 1555; x_wconf 91' lang='lat' dir='ltr'>ut</span> <span class='ocrx_word' id='word_1_95' title='bbox 792 1498 914 1574; x_wconf 80' lang='lat' dir='ltr'>turpiter</span> 
     </span>
     <span class='ocr_line' id='line_1_15' title="bbox 123 1593 914 1670; baseline 0.001 -21"><span class='ocrx_word' id='word_1_96' title='bbox 123 1593 230 1668; x_wconf 77' lang='lat' dir='ltr'>potius,</span> <span class='ocrx_word' id='word_1_97' title='bbox 251 1612 335 1669; x_wconf 82' lang='lat' dir='ltr'>quam</span> <span class='ocrx_word' id='word_1_98' title='bbox 363 1594 546 1664; x_wconf 83' lang='lat' dir='ltr'>calamitose3</span> <span class='ocrx_word' id='word_1_99' title='bbox 576 1614 611 1651; x_wconf 90' lang='lat' dir='ltr'>an</span> <span class='ocrx_word' id='word_1_100' title='bbox 634 1605 678 1651; x_wconf 89' lang='lat' dir='ltr'>est</span> <span class='ocrx_word' id='word_1_101' title='bbox 704 1594 794 1650; x_wconf 93' lang='lat' dir='ltr'>ullum</span> <span class='ocrx_word' id='word_1_102' title='bbox 822 1594 914 1670; x_wconf 85' lang='lat' dir='ltr'>majus</span> 
     </span>
     <span class='ocr_line' id='line_1_16' title="bbox 80 1689 916 1765; baseline -0.002 -16"><span class='ocrx_word' id='word_1_103' title='bbox 80 1700 112 1749; x_wconf 89' lang='lat'>15</span> <span class='ocrx_word' id='word_1_104' title='bbox 126 1689 232 1746; x_wconf 85' lang='lat' dir='ltr'>malum</span> <span class='ocrx_word' id='word_1_105' title='bbox 253 1689 449 1765; x_wconf 88' lang='lat' dir='ltr'>turpitudinel</span> <span class='ocrx_word' id='word_1_106' title='bbox 470 1709 532 1764; x_wconf 83' lang='lat' dir='ltr'>quae</span> <span class='ocrx_word' id='word_1_107' title='bbox 553 1689 577 1747; x_wconf 90' lang='lat' dir='ltr'>si</span> <span class='ocrx_word' id='word_1_108' title='bbox 599 1690 629 1747; x_wconf 91' lang='lat' dir='ltr'>in</span> <span class='ocrx_word' id='word_1_109' title='bbox 650 1690 831 1747; x_wconf 81' lang='lat' dir='ltr'>deformitate</span> <span class='ocrx_word' id='word_1_110' title='bbox 852 1710 916 1747; x_wconf 90' lang='lat' dir='ltr'>cor·</span> 
     </span>
     <span class='ocr_line' id='line_1_17' title="bbox 124 1784 915 1861; baseline 0.001 -19"><span class='ocrx_word' id='word_1_111' title='bbox 124 1784 203 1861; x_wconf 89' lang='lat' dir='ltr'>poris</span> <span class='ocrx_word' id='word_1_112' title='bbox 223 1786 310 1843; x_wconf 85' lang='lat' dir='ltr'>habet</span> <span class='ocrx_word' id='word_1_113' title='bbox 338 1785 444 1860; x_wconf 86' lang='lat' dir='ltr'>aliquid</span> <span class='ocrx_word' id='word_1_114' title='bbox 471 1786 649 1857; x_wconf 87' lang='lat' dir='ltr'>offensionis,</span> <span class='ocrx_word' id='word_1_115' title='bbox 671 1796 778 1860; x_wconf 88' lang='lat' dir='ltr'>quauta</span> <span class='ocrx_word' id='word_1_116' title='bbox 798 1786 847 1843; x_wconf 86' lang='lat' dir='ltr'>illa</span> <span class='ocrx_word' id='word_1_117' title='bbox 867 1786 915 1843; x_wconf 89' lang='lat' dir='ltr'>de-</span> 
     </span>
     <span class='ocr_line' id='line_1_18' title="bbox 124 1881 914 1958; baseline 0.004 -20"><span class='ocrx_word' id='word_1_118' title='bbox 124 1881 253 1955; x_wconf 78' lang='lat' dir='ltr'>pravatio</span> <span class='ocrx_word' id='word_1_119' title='bbox 267 1892 297 1938; x_wconf 99' lang='lat' dir='ltr'>et</span> <span class='ocrx_word' id='word_1_120' title='bbox 310 1882 423 1939; x_wconf 86' lang='lat' dir='ltr'>foeditas</span> <span class='ocrx_word' id='word_1_121' title='bbox 436 1883 592 1958; x_wconf 87' lang='lat' dir='ltr'>turpificati</span> <span class='ocrx_word' id='word_1_122' title='bbox 605 1882 693 1939; x_wconf 84' lang='lat' dir='ltr'>animi</span> <span class='ocrx_word' id='word_1_123' title='bbox 707 1882 793 1938; x_wconf 91' lang='lat' dir='ltr'>debet</span> <span class='ocrx_word' id='word_1_124' title='bbox 804 1882 914 1941; x_wconf 81' lang='lat' dir='ltr'>videril</span> 
     </span>
     <span class='ocr_line' id='line_1_19' title="bbox 126 1976 915 2054; baseline 0.003 -20"><span class='ocrx_word' id='word_1_125' title='bbox 126 1976 238 2052; x_wconf 85' lang='lat' dir='ltr'>Itaque,</span> <span class='ocrx_word' id='word_1_126' title='bbox 258 1978 407 2035; x_wconf 88' lang='lat' dir='ltr'>nervosius</span> <span class='ocrx_word' id='word_1_127' title='bbox 427 1979 475 2054; x_wconf 90' lang='lat' dir='ltr'>qui</span> <span class='ocrx_word' id='word_1_128' title='bbox 496 1978 551 2036; x_wconf 85' lang='lat' dir='ltr'>ista</span> <span class='ocrx_word' id='word_1_129' title='bbox 578 1979 731 2048; x_wconf 89' lang='lat' dir='ltr'>disserunt,</span> <span class='ocrx_word' id='word_1_130' title='bbox 752 1978 845 2035; x_wconf 86' lang='lat' dir='ltr'>solum</span> <span class='ocrx_word' id='word_1_131' title='bbox 867 1998 915 2036; x_wconf 83' lang='lat' dir='ltr'>au·</span> 
     </span>
     <span class='ocr_line' id='line_1_20' title="bbox 127 2073 915 2150; baseline 0.003 -20"><span class='ocrx_word' id='word_1_132' title='bbox 127 2073 195 2131; x_wconf 90' lang='lat' dir='ltr'>dent</span> <span class='ocrx_word' id='word_1_133' title='bbox 209 2075 313 2132; x_wconf 82' lang='lat' dir='ltr'>malum</span> <span class='ocrx_word' id='word_1_134' title='bbox 328 2075 426 2132; x_wconf 90' lang='lat' dir='ltr'>dicere</span> <span class='ocrx_word' id='word_1_135' title='bbox 440 2075 481 2147; x_wconf 87' lang='lat' dir='ltr'>id,</span> <span class='ocrx_word' id='word_1_136' title='bbox 496 2077 570 2150; x_wconf 95' lang='lat' dir='ltr'>quod</span> <span class='ocrx_word' id='word_1_137' title='bbox 585 2085 667 2150; x_wconf 88' lang='lat' dir='ltr'>turpe</span> <span class='ocrx_word' id='word_1_138' title='bbox 682 2076 734 2145; x_wconf 90' lang='lat' dir='ltr'>sit;</span> <span class='ocrx_word' id='word_1_139' title='bbox 754 2075 803 2150; x_wconf 91' lang='lat' dir='ltr'>qui</span> <span class='ocrx_word' id='word_1_140' title='bbox 819 2085 915 2132; x_wconf 89' lang='lat' dir='ltr'>autem</span> 
     </span>
     <span class='ocr_line' id='line_1_21' title="bbox 81 2171 916 2242; baseline -0.004 -10"><span class='ocrx_word' id='word_1_141' title='bbox 81 2181 113 2232; x_wconf 75' lang='lat'>20</span> <span class='ocrx_word' id='word_1_142' title='bbox 127 2171 282 2242; x_wconf 87' lang='lat' dir='ltr'>remissius,</span> <span class='ocrx_word' id='word_1_143' title='bbox 298 2171 327 2228; x_wconf 95' lang='lat' dir='ltr'>hi</span> <span class='ocrx_word' id='word_1_144' title='bbox 344 2182 439 2229; x_wconf 82' lang='lat' dir='ltr'>tomen</span> <span class='ocrx_word' id='word_1_145' title='bbox 460 2191 519 2229; x_wconf 92' lang='lat' dir='ltr'>non</span> <span class='ocrx_word' id='word_1_146' title='bbox 540 2171 672 2228; x_wconf 82' lang='lat' dir='ltr'>dubitant</span> <span class='ocrx_word' id='word_1_147' title='bbox 692 2190 835 2228; x_wconf 87' lang='lat' dir='ltr'>summum</span> <span class='ocrx_word' id='word_1_148' title='bbox 857 2190 916 2229; x_wconf 88' lang='lat' dir='ltr'>ma·</span> 
     </span>
     <span class='ocr_line' id='line_1_22' title="bbox 126 2266 650 2342; baseline -0.002 -18"><span class='ocrx_word' id='word_1_149' title='bbox 126 2266 187 2324; x_wconf 89' lang='lat' dir='ltr'>lum</span> <span class='ocrx_word' id='word_1_150' title='bbox 200 2267 306 2326; x_wconf 87' lang='lat' dir='ltr'>dicere.</span> <span class='ocrx_word' id='word_1_151' title='bbox 348 2268 424 2325; x_wconf 86' lang='lat' dir='ltr'>Nam</span> <span class='ocrx_word' id='word_1_152' title='bbox 440 2268 510 2325; x_wconf 93' lang='lat' dir='ltr'>illud</span> <span class='ocrx_word' id='word_1_153' title='bbox 525 2267 650 2342; x_wconf 90' lang='lat' dir='ltr'>quidem,</span> 
     </span>
    </p>
   </div>
   <div class='ocr_carea' id='block_1_3' title="bbox 179 2415 860 2479">
    <p class='ocr_par' dir='ltr' id='par_1_3' title="bbox 179 2415 860 2479">
     <span class='ocr_line' id='line_1_23' title="bbox 179 2415 860 2479; baseline -0.001 -14"><span class='ocrx_word' id='word_1_154' title='bbox 179 2415 292 2479; x_wconf 87' lang='lat' dir='ltr'>“Neque</span> <span class='ocrx_word' id='word_1_155' title='bbox 304 2416 370 2478; x_wconf 89' lang='lat' dir='ltr'>dedi,</span> <span class='ocrx_word' id='word_1_156' title='bbox 381 2431 461 2479; x_wconf 85' lang='lat' dir='ltr'>neque</span> <span class='ocrx_word' id='word_1_157' title='bbox 473 2417 513 2479; x_wconf 91' lang='lat' dir='ltr'>do,</span> <span class='ocrx_word' id='word_1_158' title='bbox 524 2416 600 2464; x_wconf 88' lang='lat' dir='ltr'>fidem</span> <span class='ocrx_word' id='word_1_159' title='bbox 610 2416 706 2466; x_wconf 88' lang='lat' dir='ltr'>infideli</span> <span class='ocrx_word' id='word_1_160' title='bbox 717 2416 860 2479; x_wconf 83' lang='lat' dir='ltr'>cuiquam,”</span> 
     </span>
    </p>
   </div>
   <div class='ocr_carea' id='block_1_4' title="bbox 82 2553 947 3017">
    <p class='ocr_par' dir='ltr' id='par_1_4' title="bbox 82 2553 947 3017">
     <span class='ocr_line' id='line_1_24' title="bbox 127 2553 947 2630; baseline 0.002 -20"><span class='ocrx_word' id='word_1_161' title='bbox 127 2553 238 2612; x_wconf 89' lang='lat' dir='ltr'>idcirco</span> <span class='ocrx_word' id='word_1_162' title='bbox 263 2563 343 2610; x_wconf 88' lang='lat' dir='ltr'>recte</span> <span class='ocrx_word' id='word_1_163' title='bbox 371 2555 516 2630; x_wconf 72' lang='lat' dir='ltr'>o.po&#39;e&#39;td;</span> <span class='ocrx_word' id='word_1_164' title='bbox 544 2555 621 2630; x_wconf 86' lang='lat' dir='ltr'>quia,</span> <span class='ocrx_word' id='word_1_165' title='bbox 650 2573 715 2612; x_wconf 90' lang='lat' dir='ltr'>oum</span> <span class='ocrx_word' id='word_1_166' title='bbox 743 2564 916 2612; x_wconf 84' lang='lat' dir='ltr'>tractaretur</span> <span class='ocrx_word' id='word_1_167' title='bbox 942 2574 947 2581; x_wconf 95' lang='lat'>·</span> 
     </span>
     <span class='ocr_line' id='line_1_25' title="bbox 127 2648 917 2724; baseline 0.004 -20"><span class='ocrx_word' id='word_1_168' title='bbox 127 2648 243 2719; x_wconf 84' lang='lat' dir='ltr'>Atreus,</span> <span class='ocrx_word' id='word_1_169' title='bbox 264 2666 393 2724; x_wconf 86' lang='lat' dir='ltr'>personae</span> <span class='ocrx_word' id='word_1_170' title='bbox 414 2650 595 2707; x_wconf 88' lang='lat' dir='ltr'>serviendum</span> <span class='ocrx_word' id='word_1_171' title='bbox 616 2650 678 2707; x_wconf 85' lang='lat' dir='ltr'>fuit.</span> <span class='ocrx_word' id='word_1_172' title='bbox 734 2650 793 2706; x_wconf 85' lang='lat' dir='ltr'>Sed</span> <span class='ocrx_word' id='word_1_173' title='bbox 814 2649 838 2706; x_wconf 89' lang='lat' dir='ltr'>si</span> <span class='ocrx_word' id='word_1_174' title='bbox 860 2651 917 2708; x_wconf 89' lang='lat' dir='ltr'>hoc</span> 
     </span>
     <span class='ocr_line' id='line_1_26' title="bbox 82 2744 917 2820; baseline 0.005 -20"><span class='ocrx_word' id='word_1_175' title='bbox 82 2756 113 2806; x_wconf 54' lang='grc' dir='ltr'>ᾖ</span> <span class='ocrx_word' id='word_1_176' title='bbox 127 2744 181 2800; x_wconf 91' lang='lat' dir='ltr'>sibi</span> <span class='ocrx_word' id='word_1_177' title='bbox 195 2753 321 2815; x_wconf 87' lang='lat' dir='ltr'>sumunt,</span> <span class='ocrx_word' id='word_1_178' title='bbox 335 2744 443 2801; x_wconf 83' lang='lat' dir='ltr'>nullam</span> <span class='ocrx_word' id='word_1_179' title='bbox 458 2763 520 2801; x_wconf 88' lang='lat' dir='ltr'>esse</span> <span class='ocrx_word' id='word_1_180' title='bbox 535 2745 630 2815; x_wconf 86' lang='lat' dir='ltr'>fidem,</span> <span class='ocrx_word' id='word_1_181' title='bbox 645 2765 708 2820; x_wconf 86' lang='lat' dir='ltr'>quae</span> <span class='ocrx_word' id='word_1_182' title='bbox 724 2745 832 2803; x_wconf 88' lang='lat' dir='ltr'>infideli</span> <span class='ocrx_word' id='word_1_183' title='bbox 849 2746 917 2804; x_wconf 82' lang='lat' dir='ltr'>data</span> 
     </span>
     <span class='ocr_line' id='line_1_27' title="bbox 116 2838 917 2919; baseline 0.009 -26"><span class='ocrx_word' id='word_1_184' title='bbox 116 2838 176 2909; x_wconf 83' lang='lat' dir='ltr'>sit;</span> <span class='ocrx_word' id='word_1_185' title='bbox 198 2839 325 2913; x_wconf 79' lang='lat' dir='ltr'>videant,</span> <span class='ocrx_word' id='word_1_186' title='bbox 339 2858 376 2898; x_wconf 88' lang='lat' dir='ltr'>ne</span> <span class='ocrx_word' id='word_1_187' title='bbox 394 2852 536 2917; x_wconf 76' lang='lat' dir='ltr'>queratur</span> <span class='ocrx_word' id='word_1_188' title='bbox 555 2841 665 2899; x_wconf 80' lang='lat' dir='ltr'>latebra</span> <span class='ocrx_word' id='word_1_189' title='bbox 684 2843 820 2919; x_wconf 89' lang='lat' dir='ltr'>perjurio.</span> <span class='ocrx_word' id='word_1_190' title='bbox 862 2841 917 2900; x_wconf 85' lang='lat' dir='ltr'>Est</span> 
     </span>
     <span class='ocr_line' id='line_1_28' title="bbox 108 2937 917 3017; baseline 0.009 -28"><span class='ocrx_word' id='word_1_191' title='bbox 108 2943 213 2996; x_wconf 79' lang='lat' dir='ltr'>autem</span> <span class='ocrx_word' id='word_1_192' title='bbox 232 2939 283 3017; x_wconf 84' lang='lat' dir='ltr'>jus</span> <span class='ocrx_word' id='word_1_193' title='bbox 305 2939 397 3000; x_wconf 81' lang='lat' dir='ltr'>etism</span> <span class='ocrx_word' id='word_1_194' title='bbox 417 2938 568 3013; x_wconf 85' lang='lat' dir='ltr'>bellicum,</span> <span class='ocrx_word' id='word_1_195' title='bbox 584 2937 711 3012; x_wconf 77' lang='lat' dir='ltr'>hdesope</span> <span class='ocrx_word' id='word_1_196' title='bbox 731 2938 917 3016; x_wconf 66' lang='lat' dir='ltr'>iurisiurandi</span> 
     </span>
    </p>
   </div>
   <div class='ocr_carea' id='block_1_5' title="bbox 0 0 959 3750">
    <p class='ocr_par' dir='ltr' id='par_1_5' title="bbox 0 0 959 3750">
     <span class='ocr_line' id='line_1_29' title="bbox 0 0 959 3750; baseline 0 0"><span class='ocrx_word' id='word_1_197' title='bbox 0 0 959 3750; x_wconf 95' lang='lat' dir='ltr'> </span> 
     </span>
    </p>
   </div>
  </div>
 </body>
</html>
