1904 3750
56 241 117 306 aa]
206 234 211 241 ·
365 239 410 287 na
431 240 576 289 orrrcns.
870 230 912 291 88

61 394 121 452 odia
153 390 322 450 hominum
357 389 519 462 incurrunt,
553 399 585 448 ut
617 388 798 466 portitorum,
832 397 865 448 ut

63 489 282 547 feneratorum.
325 486 486 544 Illiberales
500 496 595 544 autem
609 496 638 544 et
652 486 760 545 sordidi
774 505 864 560 quars-

63 596 103 644 tus
121 584 394 654 mercenariorum,
409 584 604 658 omniumque,
619 602 739 658 quorum
758 600 861 658 operae,

64 701 116 740 non
138 693 231 753 artes,
253 689 408 737 emuntur:
431 689 473 736 est
493 679 571 737 enirn
592 680 648 737 illis
669 679 731 755 ipsa
751 698 862 737 merces

67 788 319 837 auctoramentum
334 775 487 834 servitutis.
529 776 646 834 Sordidi
660 776 747 833 etiarn
761 786 862 852 putan-
874 785 891 834 5

66 874 102 947 di,
123 875 175 951 qui
199 864 370 932 mereantur
392 873 645 944 mercatoribus,
667 872 742 947 quod
766 873 862 930 statim

66 973 210 1029 vendant:
239 970 313 1027 nihil
336 969 413 1026 enim
435 970 600 1045 proficiunt,
622 969 678 1026 nisi
707 969 861 1027 admodum

66 1069 261 1125 mentiantur:
296 1084 354 1122 nec
386 1085 453 1123 vero
487 1065 642 1141 quidquam
673 1074 717 1121 est
750 1066 861 1141 turpius

18 1200 21 1207 »
66 1165 201 1221 vanitate.
258 1162 444 1238 Opificesque
474 1181 574 1220 omnes
601 1161 631 1217 in
659 1159 774 1217 sordidi
801 1170 861 1217 arte

66 1270 233 1317 versantur:
255 1278 313 1316 nec
327 1258 405 1315 enim
418 1260 573 1334 quidquam
594 1258 752 1334 ingenuum
766 1267 861 1332 potest
875 1269 906 1318 10

67 1357 173 1414 habere
207 1356 335 1413 officina.
396 1353 575 1432 Minimeque
613 1365 688 1412 artes
721 1353 765 1411 hae
797 1372 859 1430 pro·

66 1453 179 1525 bandae,
194 1472 259 1528 quae
280 1451 418 1509 ministrae
436 1463 503 1510 sunt
516 1454 702 1528 voluptatum,
719 1457 737 1484 “
748 1450 859 1524 cetarii,

65 1549 145 1622 lanii,
168 1549 267 1625 coqui,
290 1549 420 1620 fartores,
440 1549 626 1624 piscatores,''
643 1559 674 1606 ut
696 1549 735 1607 ait
748 1548 859 1606 Teren·

66 1647 130 1705 tius.
174 1646 261 1703 Adde
283 1646 352 1716 huc,
373 1645 397 1702 si
416 1646 521 1721 placet,
543 1647 759 1723 unguentarios,
775 1647 859 1704 salta·
914 1649 918 1658 '

67 1754 153 1815 tores,
168 1752 322 1819 totumque
335 1743 434 1800 ludum
447 1742 589 1800 talarium.
873 1751 904 1800 15

103 1840 225 1903 Quibus
253 1849 349 1896 autem
377 1839 485 1897 artibus
512 1850 560 1896 aut
586 1841 739 1916 prudentia
769 1840 858 1916 major

67 1936 150 2009 inest,
175 1947 226 1994 aut
254 1953 313 1993 non
340 1935 494 1993 mediocris
521 1936 628 1994 utilitas
654 1938 798 2011 quaeritur,
825 1946 858 1994 ut

65 2035 222 2105 medicina,
251 2042 283 2090 ut
311 2032 511 2104 architectura,
539 2044 570 2091 ut
584 2033 730 2090 'doctrina
761 2052 858 2090 rerum

66 2130 263 2201 honestarum,
279 2129 324 2186 hae
344 2139 410 2186 sunt
429 2129 474 2202 iis,
494 2149 616 2204 quorum
637 2129 732 2186 ordini
753 2148 858 2185 conve·

65 2228 159 2299 niunt,
188 2227 325 2285 honestae.
379 2224 546 2283 Mercatura
573 2234 679 2296 autem,
706 2225 730 2281 si
762 2224 857 2282 tenuis
871 2239 903 2288 20

65 2335 117 2395 est,
133 2323 253 2380 sordida
272 2323 400 2397 putanda
420 2333 479 2380 est:
501 2323 545 2380 sin
567 2341 672 2398 magna
687 2330 716 2377 et
730 2321 857 2395 copiosa,

65 2421 157 2478 multa
169 2419 299 2494 undique
315 2428 476 2494 apportans,
487 2419 641 2493 multisque
655 2418 718 2474 sine
732 2416 857 2474 vanitate

66 2517 245 2592 impertiens,
260 2525 377 2573 nonest
396 2516 549 2572 admodum
568 2513 763 2591 vituperanda.
804 2513 857 2570 At·

66 2632 122 2688 que
135 2614 235 2685 etiam,
255 2612 290 2683 si,
313 2612 416 2669 satiata
429 2623 548 2687 quaestu,
568 2612 611 2669 vel
626 2620 765 2668 contenta
783 2610 857 2685 poti-

65 2729 110 2782 us,
124 2720 156 2768 ut
176 2729 254 2786 saepe
274 2728 310 2765 ex
331 2708 388 2765 alto
406 2708 438 2789 in
458 2719 580 2785 portum,
595 2727 631 2765 ex
646 2708 708 2782 ipso
727 2716 812 2781 portu
827 2706 856 2764 in
869 2711 902 2762 25

67 2827 150 2885 agros
164 2826 196 2865 se
210 2806 474 2883 possessionesque·
483 2805 648 2876 contulerit,
663 2804 774 2861 videtur
790 2804 856 2880 jure

65 2906 174 2981 optimo
194 2921 282 2980 posse
302 2901 421 2960 laudari.
472 2902 611 2959 Omnium
634 2911 728 2959 autern
748 2919 854 2974 rerum,

65 3001 220 3080 exquibus
235 2998 343 3076 aliquid
357 2999 522 3074 acquiritur,
536 2998 608 3057 nihil
622 3007 666 3058 est
680 2996 856 3078 agriculturis
