1904 3750
64 247 105 314 82.
271 260 409 321 LAELIUS,
426 258 501 323 srva
519 247 739 310 nemorum.

115 411 256 484 colantur,
270 422 302 470 ut
316 412 348 484 ii,
361 412 421 489 qui,
435 413 538 488 opibus
557 424 587 471 et
606 413 708 490 copiis,
723 412 904 489 maximeque

115 510 219 568 virtute
238 510 352 586 praediti
371 509 416 587 (in
437 510 493 585 qud
513 510 667 586 plurimum
688 520 731 568 est
749 510 903 590 presidii),

115 606 233 663 minime
254 606 371 663 alterius
391 606 550 683 indigeant,
572 605 765 664 liberalissimi
785 605 853 678 sint,
874 616 904 664 et

115 701 378 759 beneficentissimi.
418 702 516 777 Atque
536 702 612 760 haud
634 702 705 773 scio,
721 721 758 759 an
776 721 814 760 ne
832 721 904 778 opus

83 803 106 861 5,
115 797 151 853 sit
164 797 289 872 quidem,
304 797 376 854 nihil
393 816 517 872 unquam
532 799 652 854 omnino
673 798 774 855 deesse
794 799 902 858 amicit.

73 889 95 941 s
114 891 171 950 Ubi
191 892 270 949 enim
290 893 386 950 studia
406 904 503 951 nostra
522 893 689 970 viguissent,
711 893 736 950 si
756 913 904 969 nunquam

114 987 247 1059 consilio,
268 1006 415 1064 nunquam
436 988 523 1063 operti
546 988 653 1059 nostri,
674 1007 729 1046 nec
750 989 829 1046 domi
850 1008 905 1047 nec

114 1083 234 1155 militia,
250 1084 350 1159 Scipio
369 1084 496 1161 eguisset
505 1087 527 1142 lx
558 1083 628 1142 Non
646 1084 735 1161 igitur
752 1084 905 1143 utilitatem

116 1179 253 1253 amicitia,
267 1181 318 1238 sed
332 1180 440 1238 utilitas
455 1179 620 1252 amicitiam,
636 1190 794 1238 consecuta
807 1192 859 1239 est.

70 1380 102 1429 10
154 1373 222 1432 XV.
251 1373 321 1431 Non
341 1392 411 1451 ergo
431 1382 516 1431 erunt
536 1373 668 1431 homines
688 1372 801 1430 deliciis
815 1373 907 1433 difflu-

116 1479 197 1528 entes
218 1470 363 1542 audiendi,
378 1471 402 1527 si
421 1470 535 1546 quando
547 1470 584 1527 de
598 1469 736 1542 amicitiis,
751 1489 836 1545 quarn
850 1489 907 1530 nec

116 1585 169 1622 usu
189 1585 246 1623 nec
266 1567 377 1622 ratione
398 1566 505 1623 habent
531 1565 689 1642 cognitam,
710 1566 905 1642 disputabunt.

116 1658 193 1716 Nam
202 1661 265 1734 quis
274 1671 326 1731 est,
340 1659 405 1736 (pro
415 1661 510 1717 Derim
521 1661 617 1732 fidem,
629 1672 714 1736 atque
725 1662 905 1743 hominuml)

117 1754 165 1829 qui
186 1755 263 1825 velit,
280 1765 311 1812 ut
331 1774 424 1829 neque
445 1756 547 1832 diligat
568 1775 750 1830 quemquam,
769 1777 826 1815 nec
846 1758 907 1834 ipso

71 1865 101 1914 15
118 1851 153 1906 ab
174 1850 233 1906 ullo
255 1850 401 1927 diligatur,
424 1851 626 1909 circumfluere
648 1853 783 1910 omnibus
804 1855 906 1929 copiis,

118 1957 203 2020 atque
230 1946 260 2003 in
288 1947 418 2004 omniurn
451 1967 547 2004 rerum
582 1948 758 2005 abundantii
792 1950 907 2008 viverel

118 2042 192 2100 Haec
206 2044 283 2101 enim
297 2055 341 2100 est
357 2055 543 2118 tyrannorum
557 2044 632 2114 vita;
654 2045 683 2101 in
699 2045 756 2118 qui
770 2045 907 2102 nimirum

118 2140 197 2197 nulla
216 2140 296 2211 fides,
318 2140 397 2197 nulla
419 2141 533 2211 caritas,
555 2140 633 2198 nulla
653 2141 763 2197 stabilis
783 2141 907 2199 benevo-

118 2237 212 2292 lentiae
226 2237 395 2312 potestesse
410 2236 534 2293 fiducia:
556 2236 653 2293 omnia
667 2255 778 2311 semper
792 2256 907 2313 suspec-

69 2347 102 2394 20
118 2344 156 2402 ta,
173 2343 256 2406 atque
270 2332 409 2388 sollicita:
432 2332 528 2389 nullus
542 2332 623 2388 locus
639 2332 781 2389 amicitie.

156 2428 233 2489 Quis
254 2429 331 2485 enim
353 2430 488 2485 aut'eum
509 2427 610 2504 diligat
629 2447 714 2503 quem
731 2429 842 2500 metuit,
859 2441 907 2487 aut

117 2543 182 2581 eum
196 2543 277 2598 aquo
289 2542 319 2579 se
331 2523 418 2579 metui
429 2526 530 2598 putatl
559 2524 702 2581 Coluntur
712 2533 809 2580 tamen
821 2525 907 2582 simu-

117 2620 224 2678 latione
244 2620 383 2676 duntaxat
398 2618 438 2674 ed
459 2628 579 2695 tempus.
620 2619 711 2681 Quod
730 2620 754 2677 si
773 2620 846 2678 forte
862 2620 906 2697 (ut

117 2717 149 2773 fit
168 2716 349 2793 plerumque)
365 2715 533 2786 ceciderint,
547 2725 608 2773 tum
628 2716 806 2792 intelligitur,
821 2736 906 2790 quam

72 2827 104 2875 25
119 2811 224 2866 fuerint
236 2810 336 2885 inopes
351 2810 509 2867 amicorum
523 2830 529 2867 :
551 2811 628 2886 quod
642 2811 834 2886 Tarquinium
847 2811 908 2869 dix-

117 2903 175 2962 isse
192 2905 297 2978 serunt,
312 2915 373 2964 tum
394 2905 572 2962 exsulantem
585 2925 617 2964 se
631 2905 815 2976 intellexisse,
833 2926 907 2981 quos

105 3001 184 3064 lidos
214 3004 329 3068 amicos
356 3002 520 3077 habuisset,
537 3020 610 3080 quos
629 3002 748 3070 inlitos,
761 3019 831 3058 curn
849 3003 906 3078 tam
