1904 3750
80 268 120 327 80
371 278 459 330 caro
477 278 593 340 aaron,
610 279 675 328 suu

125 432 214 501 cerat,
235 436 268 486 ut
286 426 317 485 id
344 445 404 486 non
431 427 544 501 liberet,
571 428 649 505 quod
674 445 734 486 non
760 437 911 504 oporteret

123 523 250 600 Impedit
269 525 347 583 enirn
361 524 515 583 consilium
529 525 669 603 voluptas,
690 525 796 583 rationi
817 525 914 584 inimi·

124 641 174 693 ca3
190 641 225 680 ac
237 621 343 680 mentis
358 621 404 700 (ut
417 622 459 680 ita
472 622 582 702 dicam)
606 622 782 699 praestringit
795 623 911 693 oculos;

123 737 178 778 nec
193 720 280 776 habet
293 719 384 777 ullum
403 737 470 777 cum
484 719 589 777 virtute
608 719 823 778 commercium.
865 719 912 777 In·

92 832 109 879 5
123 816 197 874 vitus
211 816 327 893 quidem
341 815 408 888 feci,
423 825 455 874 ut
469 816 618 874 fortissimi
632 817 685 874 viri
699 816 737 874 T.
752 815 910 873 Flaminini

123 913 250 986 fratrem,
277 913 310 972 L.
345 913 552 988 Flamininum,
578 932 597 991 e
629 923 731 970 senatu
765 912 909 988 ejicerem,

123 1019 234 1085 septem
269 1009 353 1068 annis
384 1018 537 1086 postquam
570 1008 671 1067 consul
706 1008 824 1066 fuisset:
860 1008 910 1067 sed

122 1107 279 1165 notandam
304 1107 404 1184 putavi
430 1106 589 1166 libidinem.
644 1104 698 1162 Ille
725 1105 814 1177 enim,
843 1123 909 1164 cum

121 1205 330 1277 esset'consul,
351 1204 382 1262 in
401 1204 498 1263 Gallia
524 1210 658 1260 exoratus
677 1202 708 1259 in
735 1202 867 1261 convivio
894 1221 911 1260 a

76 1300 108 1351 1⁰
122 1311 217 1359 scorto
237 1310 291 1374 est,
311 1311 344 1358 ut
363 1299 458 1358 securi
478 1299 576 1357 feriret
597 1298 718 1373 aliquem
737 1317 846 1370 eorum,
862 1299 910 1375 qui

122 1397 153 1455 in
173 1398 296 1456 vinculis
316 1406 422 1468 essent,
443 1394 571 1454 damnati
595 1394 638 1452 rei
658 1394 797 1469 capitalis.
839 1394 910 1466 Hic,

122 1493 201 1565 Tito,
217 1494 303 1550 fratre
317 1511 380 1564 suo,
395 1510 526 1563 censore,
542 1490 604 1569 (qui
623 1491 770 1566 proximus
785 1501 850 1548 ante
864 1510 912 1549 me

122 1588 227 1667 fuerat)
249 1588 363 1664 elapsus
383 1598 443 1645 est:
464 1587 535 1645 mihi
555 1605 622 1644 vero
643 1596 673 1644 et
693 1586 801 1645 Flacco
819 1588 912 1645 neuti-

121 1703 206 1759 quam
219 1685 335 1760 probari
348 1684 441 1760 potuit
455 1694 513 1741 tam
524 1683 668 1760 flagitiosa
682 1693 711 1740 et
725 1694 783 1741 tam
798 1685 911 1759 perdita

76 1790 106 1839 15
121 1781 221 1852 libido,
242 1801 305 1857 quae
326 1801 392 1839 cum
406 1782 511 1858 probro
524 1780 636 1857 privato
657 1781 846 1858 conjungeret
861 1782 911 1839 im·

120 1877 194 1952 perii
208 1878 343 1935 dedecus.

160 2070 246 2129 XIII.
288 2072 372 2146 Saepe
394 2071 488 2128 audivi
509 2090 526 2129 a
545 2070 701 2146 majoribus
721 2079 801 2140 natu,
816 2070 864 2145 qui
879 2088 910 2127 se

120 2188 207 2244 porro
227 2187 331 2244 pueros
354 2169 500 2224 asenibus
522 2166 635 2224 audisse
650 2167 796 2236 dicebant,
812 2167 909 2224 mirari

74 2277 107 2326 20
122 2253 238 2322 solitum
258 2264 292 2322 C.
315 2264 492 2335 Fabricium,
513 2264 600 2338 quod,
622 2282 688 2321 cum
711 2264 785 2338 apud
810 2282 909 2339 regem

121 2361 262 2436 Pyrrhum
295 2361 408 2436 legatus
441 2370 526 2431 esset,
555 2358 682 2417 audisset
716 2378 732 2415 a
765 2359 909 2416 Thessalo

122 2457 225 2529 Cinea,
241 2475 303 2514 esse
317 2458 468 2532 quemdam
484 2457 617 2527 Athenis,
632 2457 680 2531 qui
699 2475 729 2512 se
750 2455 909 2530 sapientem

120 2555 315 2630 profiteretur3
337 2572 460 2629 eumque
474 2553 581 2623 dicere,
597 2552 703 2623 omnia,
718 2572 781 2627 quae
803 2552 910 2609 sacerc-

121 2670 195 2721 mus,
211 2651 246 2707 ad
261 2650 433 2725 voluptatem
455 2669 517 2707 esse
537 2649 705 2706 reserenda:
726 2649 803 2724 quod
818 2668 853 2706 ex
873 2667 909 2705 eo

74 2747 106 2795 25
122 2748 280 2817 audientes,
293 2745 333 2801 Μ’
345 2746 465 2803 Curium
480 2756 508 2802 et
522 2746 570 2803 Ti.
581 2746 798 2803 Coruncanium
809 2755 910 2819 optare

120 2843 230 2914 solitos,
244 2851 276 2899 ut
297 2842 326 2899 id
347 2843 524 2900 Samnitibus
545 2842 656 2918 ipsique
669 2841 780 2916 Pyrrho
794 2860 911 2915 persua·

115 2936 252 3010 deretur,·
286 2958 344 3017 quo
372 2940 486 2997 facilius
513 2938 591 2995 vinci
625 2946 753 3013 possent,
782 2956 850 2995 cum
879 2959 910 2996 se

102 3034 310 3114 voluptatibus
325 3040 488 3102 dedissent.
527 3036 654 3098 linerat
666 3033 707 3093 tr
719 3034 829 3092 liutius
845 3055 916 3094 aum
