1904 3750
70 195 128 256 162
404 206 446 252 on
468 206 612 252 orneris.
807 194 907 265 pam.

113 371 198 430 posse
218 350 358 412 concedi:
379 372 457 426 nam,
472 355 496 411 si
511 353 608 412 omnia
623 352 757 411 iacienda
768 342 826 410 sint
838 371 908 428 qnae

58 446 61 451 ’
114 451 200 508 amici
215 451 313 523 velint,
328 470 387 508 non
408 452 542 509 amicitiae
563 452 645 524 tales,
661 451 711 508 sed
730 450 909 526 conjuratio-

112 565 174 618 nes,
188 547 323 622 putandae
337 547 404 604 sint.

153 643 267 718 Loquor
282 654 377 701 antem
392 645 429 701 de
443 644 643 702 communibus
661 642 813 701 amicitiis:
834 662 903 701 nam

80 738 143 797 bin
170 740 348 815 sapientibus
374 740 453 812 viris,
479 740 682 817 perfectisque,
710 740 781 797 nihil
809 749 904 816 potest

112 854 175 893 esse
196 837 261 894 tale.
304 836 466 895 Damonem
481 847 510 894 et
524 837 680 904 Phintiam,
695 836 902 914 Pythagoreos,

113 933 208 990 t'ernnt
228 933 285 991 hoc
303 934 399 991 animo
418 934 492 992 inter
506 953 538 991 se
551 933 649 1006 fuisse,
664 943 705 1003 nt,
722 945 904 991 cumeorum

113 1029 194 1087 alteri
215 1029 373 1105 Dionysius
394 1041 531 1106 tyrannus
550 1030 625 1088 diem
640 1031 722 1088 necis
736 1031 904 1088 destinavis-

112 1139 165 1198 set,
181 1136 210 1183 et
230 1127 264 1198 is,
284 1127 334 1201 qui
355 1127 439 1184 morti
461 1127 592 1185 addictus
613 1137 697 1200 esset,
718 1145 827 1203 paucos
847 1127 902 1184 sibi

65 1232 96 1281 10
112 1224 183 1294 dies,
206 1223 501 1280 commendandorum
522 1242 639 1281 suorum
661 1224 759 1294 causi,
779 1223 903 1298 postula·

111 1320 207 1390 visset,
230 1339 278 1376 vas
299 1319 392 1376 sactus
412 1319 450 1376 sit
471 1319 541 1376 alter
562 1320 623 1395 ejus
651 1319 786 1389 sistendi;
815 1332 856 1387 ut,
878 1319 902 1377 si

112 1415 160 1471 ille
181 1435 239 1472 non
262 1415 434 1483 revertisset,
450 1417 630 1473 moriendum
646 1426 721 1473 esset
736 1416 798 1492 ipsi.
839 1415 902 1478 Qui

112 1529 179 1568 cnm
208 1512 242 1567 ad
267 1512 343 1568 diem
371 1531 401 1568 se
429 1513 595 1587 recepisset,
619 1512 775 1570 admiratus
802 1531 901 1571 eorum

112 1607 197 1663 iidem
218 1617 366 1682 tyrannm,
383 1609 493 1683 petivit,
509 1619 541 1666 ut
561 1628 592 1666 se
614 1609 649 1666 ad
671 1609 827 1687 amicitiam
848 1619 903 1667 ter·

65 1715 96 1764 15
111 1703 183 1759 tium
199 1705 402 1761 adscriberent.

151 1799 226 1855 Cum
248 1799 336 1875 igitur
357 1800 385 1857 id
408 1801 482 1875 quod
504 1801 574 1858 utile
591 1801 703 1858 videtur
719 1801 746 1857 in
763 1801 900 1873 amicitiai,

113 1914 180 1952 curn
201 1914 236 1952 eo
251 1896 326 1970 qnod
347 1897 499 1954 honestum
521 1908 573 1968 est,
590 1909 787 1973 comparatur;
807 1899 902 1974 jaceat

112 1992 243 2050 utilitatis
264 1993 385 2068 species,
400 1994 493 2050 valeat
514 1994 657 2051 honestas.
699 1994 774 2051 Cum
796 2006 901 2066 autem,

113 2089 141 2146 in
165 2089 301 2161 amicitiai,
317 2110 379 2165 quae
400 2090 520 2147 honesta
542 2109 600 2146 non
622 2101 698 2158 sunt,
719 2092 903 2167 postulabun-

63 2199 96 2249 20
112 2196 173 2254 tur;
195 2185 297 2261 religio
313 2195 342 2242 et
362 2185 433 2241 fides
455 2194 663 2260 anteponantur
687 2186 837 2242 amicitiae:
859 2187 902 2244 sic

113 2281 264 2339 habebitur
286 2281 319 2352 is,
341 2300 424 2355 quem
446 2281 631 2355 exquirimus,
654 2282 782 2338 delectus
804 2282 900 2340 officii.

152 2472 206 2530 XI.
228 2473 297 2544 Sed,
313 2472 444 2529 utilitatis
465 2472 571 2548 specie,
587 2472 616 2529 in
638 2472 786 2551 republicis
807 2474 903 2548 saepis-

112 2571 184 2626 sime
216 2578 364 2644 peccatur,
400 2578 431 2624 ut
466 2568 495 2625 in
528 2568 676 2653 Corinthi¹
694 2568 902 2626 disturbatione

110 2665 219 2722 nostri:
242 2665 341 2721 durius
361 2665 446 2720 etiam
464 2665 666 2735 Athenienses,
683 2664 730 2738 qni
745 2665 901 2737 sciverunt,

62 2762 95 2810 25
111 2771 142 2817 nt
164 2760 318 2836 AEginetis‚
340 2761 387 2835 qni
409 2761 502 2817 classe
522 2761 665 2831 valebant,
686 2761 805 2836 pollices
832 2781 903 2837 prae·

98 2854 280 2914 ciderentur.
336 2856 404 2915 Hoc
425 2857 517 2913 visum
539 2867 582 2914 est
602 2856 689 2914 utile:
717 2856 803 2914 nimis
824 2860 903 2916 enim

83 2942 283 3028 imminebat,
306 2966 427 3035 propter
455 2951 711 3036 propinquitatem,
731 2952 835 3032 AEqina
855 2952 903 3012 Pi-
