1904 3750
399 626 443 674 ne
461 625 607 673 osricus.
695 696 699 701 ,
834 626 872 687 [u.
883 627 902 673 1.

115 775 214 854 primis
244 788 339 836 autem
369 779 603 836 constituendum
626 787 679 850 est,
702 795 774 852 quos
796 794 850 834 nos
873 787 903 834 et

115 875 213 949 quales
234 895 296 932 esse
311 876 440 948 velimus,
455 886 484 933 et
503 877 531 933 in
545 895 602 951 quo
616 893 721 951 genere
736 874 817 931 vitae:
839 893 902 949 quae

116 972 283 1030 deliberatio
294 983 337 1029 est
348 973 475 1030 omnium
487 972 663 1029 difficillima.
690 971 813 1028 Ineunte
824 971 902 1026 enim

116 1068 319 1141 adolescentid,
337 1088 403 1128 cum
424 1080 467 1127 est
487 1070 611 1127 maxima
631 1068 813 1125 imbecillitas
834 1086 902 1124 con·

82 1165 181 1235 esitii,
196 1175 256 1222 tum
279 1167 308 1222 id
331 1167 385 1223 sibi
404 1167 524 1241 quisque
546 1184 638 1242 genus
656 1165 747 1222 aetatis
762 1164 901 1240 degendae

114 1263 271 1334 constituit,
293 1264 370 1338 quod
398 1263 521 1320 maxime
544 1261 701 1318 adamavit:
723 1261 819 1334 itaque
835 1270 901 1317 ante

113 1357 276 1432 implicatur
296 1360 390 1434 aliquo
405 1369 485 1416 certo
499 1376 604 1435 genere
619 1374 761 1430 cursuque
775 1356 899 1427 vivendi,

112 1474 197 1530 quam
207 1457 310 1530 potuit,
321 1456 397 1531 quod
409 1455 548 1531 optimum
559 1464 643 1524 esset,
650 1453 789 1530 judicare.
811 1452 840 1509 N
844 1471 899 1523 am,

111 1551 188 1627 quod
211 1553 370 1610 Herculem
391 1552 557 1610 Prodicium
578 1548 740 1627 dicuntlut
760 1559 804 1605 est
825 1549 899 1624 apud

67 1657 97 1705 10
113 1649 352 1727 Xenophontem)
377 1649 588 1723 cumprimum
612 1648 784 1722 pubesceret
809 1644 899 1722 (quod

112 1756 224 1821 tempus
246 1766 262 1802 a
282 1746 393 1815 natura,
409 1745 444 1801 ad
465 1743 660 1820 deligendum,
675 1762 759 1817 quam
781 1743 899 1816 quisque

112 1841 187 1897 viam
207 1842 320 1899 vivendi
340 1841 378 1898 sit
398 1841 587 1917 ingressurus,
609 1840 707 1896 datum
727 1840 784 1916 est)
806 1839 899 1896 exisse

112 1937 141 1993 in
164 1938 359 2007 solitudinem,
380 1947 463 2012 atque
486 1937 525 1994 ibi
548 1938 705 2008 sedentem,
725 1937 774 1993 diu
799 1954 898 1992 secum

113 2035 289 2107 multumque
311 2034 467 2104 dubitdsse,
490 2052 556 2090 cum
581 2035 652 2091 duas
675 2043 805 2090 cerneret
827 2033 897 2103 vias,

66 2146 96 2193 15
113 2149 199 2186 unam
214 2130 386 2204 VoluptatiS,
403 2130 518 2187 alteram
534 2131 666 2201 Virtutis,
679 2140 769 2187 utram
786 2127 897 2205 ingredi

112 2226 214 2282 melius
234 2237 308 2282 esset
317 2246 324 2296 ;
354 2226 408 2283 hoc
429 2226 560 2297 Herculi,
576 2226 656 2282 Jovis
670 2237 733 2282 satu
747 2226 835 2295 edito,
849 2243 896 2299 po

111 2321 166 2378 tuit
195 2321 314 2378 fortasse
342 2323 529 2399 contingere:
560 2323 643 2379 nobis
667 2341 724 2378 non
748 2322 827 2391 item,
850 2320 894 2395 qui

112 2417 266 2489 imitamur,
283 2438 355 2493 quos
369 2420 473 2494 cuique
488 2420 579 2475 visum
591 2428 644 2490 est,
657 2429 741 2493 atque
753 2418 787 2474 ad
799 2437 893 2474 eorum

111 2515 206 2572 studia
220 2515 407 2590 institutaque
422 2515 602 2591 impellimur.
644 2515 777 2589 Plerique
793 2525 887 2572 autem

64 2632 96 2681 20
112 2625 273 2684 parentium
294 2613 444 2687 praeceptis
460 2612 570 2684 imbuti,
583 2612 618 2668 ad
633 2630 731 2668 eorum
746 2623 889 2668 consuetu

112 2707 208 2764 dinem
231 2728 397 2784 moremque
418 2709 604 2765 deducimur:
638 2708 685 2764 alii
706 2707 888 2764 multitudini:

109 2803 221 2879 judicio
235 2807 365 2864 feruntur
374 2826 381 2875 ;
402 2824 522 2880 quaeque
537 2805 635 2880 majori
649 2805 722 2880 parti
742 2804 886 2881 pulcherri

112 2923 160 2960 ma
187 2904 330 2972 videntur,
359 2921 395 2957 ea
421 2902 544 2958 maxime
578 2911 730 2976 exoptant:
766 2900 885 2957 nonnull

111 3008 218 3070 tamen,
243 2999 303 3055 sive
324 2996 461 3053 felicitate
479 2997 613 3070 quddam,
628 2998 687 3054 sive
707 2997 883 3054 bonitatem

64 3105 96 3153 25
111 3104 192 3167 turae,
208 3097 267 3152 sive
288 3091 448 3169 parentium
470 3092 632 3168 disciplinfi,
647 3103 756 3150 rectam
771 3093 835 3150 vitre
857 3111 881 3148 se

113 3192 172 3248 cuti
187 3203 253 3248 sunt
268 3192 350 3249 viam.

131 3378 292 3442 XXXIII.
325 3385 407 3445 Illud
430 3397 527 3447 autem
545 3386 670 3447 manime
691 3404 788 3444 rarum
808 3403 877 3463 gem¹
