1904 3750
55 253 123 313 ω]
351 251 395 299 on
412 251 558 300 orarem.
854 237 895 296 59

54 400 125 478 jora.
166 399 255 459 Ludo
270 409 366 458 autem
385 409 415 458 et
431 400 499 476 joco
513 400 555 458 uti
570 398 620 456 illo
633 397 747 475 quidem
761 397 831 456 lieet
839 417 847 469 ;

57 499 105 555 sed
121 498 214 574 (siout
228 517 340 569 somno,
354 506 382 555 et
396 498 540 573 quietibus
553 497 678 575 oaeteris)
694 506 765 568 tum,
781 514 847 553 oum

57 595 193 672 gravibus
207 594 349 669 seriisque
366 595 451 653 rebus
465 593 697 652 satisfecerimus,
738 593 849 669 Ipsum-

56 709 111 765 que
126 710 220 768 genus
237 690 358 766 jocandi
377 708 437 747 non
456 690 612 766 profusum,
627 708 682 746 nee
697 689 848 746 immodes-

57 797 127 859 tum,
142 787 194 844 sed
215 787 375 864 ingenuum
396 797 425 843 et
446 786 581 858 sanetum,
597 805 660 842 esse
674 786 767 843 debet.
809 786 878 843 Urs

57 884 134 940 enim
145 884 243 960 pueris
253 903 312 942 non
323 889 439 940 omnent
449 883 566 941 ludendi
577 883 724 940 licentiam
736 882 847 954 damus,

57 981 106 1037 sed
121 998 186 1037 eam
200 999 264 1056 quae
280 980 316 1036 ab
330 979 459 1036 honestis
479 979 642 1038 actionibus
660 999 716 1037 non
731 979 768 1036 sit
783 979 849 1036 alie-

56 1096 111 1146 na3
134 1077 187 1148 sio,
197 1077 228 1133 in
243 1075 307 1152 ipso
313 1075 391 1151 joeo,
404 1075 517 1150 aliquod
531 1075 612 1152 probi
628 1074 736 1152 ingenii
751 1075 848 1132 lumen

57 1173 178 1230 eluceat

93 1268 211 1345 Duplex
225 1269 347 1326 omnino
367 1279 410 1325 est
427 1269 546 1345 jooandi
561 1287 669 1345 genus:
691 1285 780 1325 unum
796 1265 895 1323 illi-10

57 1365 161 1437 berale‚
170 1366 317 1441 petulans,
327 1365 701 1442 flagitiosum,obsooenum;
718 1363 848 1434 alterum,

56 1462 182 1538 elegans,
210 1462 365 1532 urbanum,
394 1461 586 1538 ingeniosum,
607 1460 757 1530 tanetum:
792 1479 849 1535 quo

55 1576 162 1634 genere
182 1577 241 1615 non
262 1556 350 1614 modo
368 1557 488 1615 Plautus
508 1568 614 1627 noster,
634 1568 661 1614 et
682 1557 848 1615 Atticorum

56 1653 174 1729 antiqua
193 1652 347 1723 oomoedia,
367 1652 523 1710 sedetiam
543 1652 775 1728 philosophorum
795 1653 848 1710 So·

56 1751 231 1808 oratioorum
245 1748 312 1805 libri
322 1748 420 1806 referti
434 1759 515 1806 sunt:
536 1748 680 1824 multaque
691 1749 845 1807 multorum
863 1754 894 1802 15

56 1846 148 1904 facete
162 1847 252 1918 diota,
267 1856 300 1902 ut
321 1864 365 1916 ea,
380 1866 442 1921 quae
464 1865 480 1904 a
500 1865 570 1903 sene
591 1846 703 1912 Catone
723 1847 847 1904 eolleota

56 1954 137 2012 sunt;
158 1962 223 2017 quae
238 1952 345 1999 vocant
364 1943 592 2017 Ἀποφθέγμαια.
635 1943 744 2001 Facilis
759 1943 845 2020 igitur

55 2049 97 2096 est
121 2039 271 2097 distinctio
295 2038 414 2115 ingenui
434 2049 463 2096 et
484 2039 631 2097 illiberalis
653 2039 721 2114 joci.
763 2039 845 2095 Alter

55 2145 97 2192 est
112 2134 151 2211 (si
165 2145 297 2211 tempore
311 2134 352 2205 fit,
368 2154 402 2192 ao
422 2136 542 2194 remisso
557 2136 665 2213 animo)
681 2135 771 2191 libero
786 2134 846 2210 dig·

55 2249 121 2301 nus3
144 2231 226 2302 alter,
238 2251 276 2289 ne
287 2231 404 2289 homine
414 2233 541 2308 quidem,
550 2232 574 2288 si
588 2249 684 2287 rerum
696 2230 845 2305 turpitudi·
861 2240 893 2288 20

55 2327 84 2385 ni
113 2328 267 2386 adhibetur
299 2329 451 2386 verborum
484 2327 668 2386 obscoenitas.
711 2326 844 2383 Ludendi

56 2424 140 2482 etiam
153 2436 199 2483 est
212 2423 329 2500 quidam
351 2425 453 2482 modus
472 2424 649 2494 retinendus,
664 2433 746 2479 utne
759 2422 845 2479 nimis

56 2522 150 2579 omnia
175 2521 396 2597 profundamus,
416 2520 541 2596 elatique
568 2519 723 2596 voluptate,
745 2519 775 2576 in
797 2518 845 2575 ali·

55 2635 135 2690 quam
150 2616 360 2694 turpitudinem
374 2617 550 2674 delabamur.
592 2616 783 2693 Suppeditant
798 2634 845 2672 au·

56 2720 107 2771 tem
122 2727 152 2773 et
166 2714 298 2790 Campus
311 2723 416 2785 noster,
431 2723 460 2771 et
473 2713 568 2772 studia
578 2714 712 2786 venandi,
724 2715 845 2770 honesta
860 2713 892 2762 25

57 2810 182 2888 exempla
194 2809 325 2868 ludendi.

88 3003 192 3065 XXX.
213 3003 276 3062 Sed
286 3012 415 3081 pertinet
429 3003 465 3065 ad
481 3024 601 3068 omnem
616 3004 714 3069 offleii
725 3004 866 3087 quastio-
