1904 3750
60 222 142 286 nn]
356 225 399 273 on
420 226 566 274 osricus.
846 214 902 273 luo

59 392 124 445 res3
144 374 223 450 quod
244 373 363 450 quidem
376 375 461 452 vulgo
481 375 597 432 solitum
618 373 679 432 fieri
701 373 736 431 ab
753 375 855 434 ordine

59 482 161 529 nostro
175 472 206 529 in
221 470 355 528 oratione
369 471 466 528 Crassi
487 473 625 546 scriptum
646 471 763 547 copiose
778 473 855 531 videss

60 586 134 625 mus.
185 567 276 624 Hanc
303 586 373 643 ergo
400 567 640 625 consuetudinem
668 569 853 645 benignitatis

59 662 209 741 largitioni
230 682 383 721 munerum
409 664 495 740 longe
523 674 674 740 antepono,
716 665 789 723 Haec
810 676 853 723 est

60 760 194 837 gravium
216 759 368 816 bominum
393 769 477 834 atque
498 779 682 837 magnorum;
705 762 754 820 illa
773 763 885 838 quasi5

61 866 275 913 assentatorum
295 855 402 930 populi,
424 856 616 913 multitudinis
642 857 786 916 levitatem
806 878 853 915 vo·

60 950 173 1029 luptate
187 952 271 1027 quasi
285 951 471 1008 titillantium.

102 1048 268 1104 Conveniet
293 1057 397 1119 autem,
421 1067 487 1105 cnm
511 1049 541 1106 in
565 1049 661 1106 dando
685 1051 853 1108 munificum

56 1161 136 1215 esse,
148 1153 209 1201 turn
224 1144 255 1200 in
270 1143 413 1220 exigendo
427 1164 485 1202 non
501 1146 653 1203 acerbum:
675 1145 705 1202 in
719 1147 853 1221 omnique

61 1259 93 1298 re
107 1240 319 1309 contrahenda,
331 1240 491 1312 vendendo,
503 1241 636 1312 emendo,
652 1242 852 1313 conducendo,
871 1253 901 1301 10

56 1336 196 1407 locando,
208 1336 406 1393 vicinitatibus
420 1348 448 1394 et
462 1338 604 1408 confiniis,
617 1357 728 1412 aequum
743 1348 771 1395 et
786 1339 854 1395 faci·

58 1432 135 1503 lem;
158 1433 250 1490 multa
263 1432 362 1489 multis
382 1434 417 1489 de
435 1433 498 1508 jure
513 1453 565 1491 suo
580 1434 747 1505 cedentem3
770 1435 853 1492 aliti·

59 1528 116 1586 bus
137 1548 216 1599 vero,
238 1538 377 1602 quantum
404 1529 501 1600 liceat,
523 1540 552 1588 et
575 1532 675 1589 nescio
703 1551 738 1589 an
765 1532 852 1608 paulo

61 1625 126 1701 plus
140 1625 229 1682 etiam
244 1643 330 1699 quam
344 1624 440 1697 liceat,
456 1627 665 1685 abhorrentem.
707 1629 760 1687 Est
773 1630 852 1687 enim

62 1739 121 1778 non
143 1721 229 1779 modo
250 1720 379 1792 liberale,
393 1722 510 1797 paulum
530 1743 735 1800 nonnunquam
750 1727 786 1783 de
799 1745 852 1783 suo
869 1741 899 1789 15

60 1817 124 1892 jure
144 1818 299 1887 decedere,
321 1819 371 1874 sed
393 1819 536 1877 interdum
556 1821 643 1878 etiarn
664 1823 851 1881 fructuosum.

63 1913 208 1972 Habenda
234 1924 328 1970 autem
352 1925 396 1972 est
422 1916 495 1973 ratio
520 1918 561 1974 rei
586 1918 742 1990 familiaris
767 1940 852 1994 quam

59 2011 178 2085 quidem
191 2009 284 2067 'dilabi
299 2010 402 2083 sinere,
418 2012 592 2089 flagitiosum
611 2025 670 2083 est;
692 2016 741 2072 sed
757 2016 806 2085 ita,
821 2025 853 2072 ut

60 2106 266 2164 illiberalitatis
291 2108 470 2183 avaritiaeque
493 2110 566 2166 absit
589 2110 723 2185 suspicio.
763 2110 853 2166 Posse

63 2204 139 2260 enim
163 2203 339 2260 liberalitate
362 2205 414 2276 uti,
437 2225 494 2263 non
520 2205 689 2280 spoliantem
714 2224 744 2262 se
767 2206 853 2280 patri·
867 2217 899 2265 20

63 2300 171 2370 monio,
186 2299 323 2357 nimirum
338 2300 362 2357 is
376 2312 419 2358 est
432 2301 563 2378 pecunie
578 2300 688 2357 fructus
702 2301 851 2358 maximus

64 2392 158 2453 Recte
172 2395 261 2453 etiam
277 2415 294 2452 a
307 2395 509 2472 Theophrasto
523 2407 566 2453 est
579 2397 694 2454 laudata
709 2396 853 2470 hospitali·

60 2500 113 2549 tas.
155 2492 211 2549 Est
238 2491 326 2562 enim,
348 2503 379 2550 ut
399 2493 469 2551 mibi
493 2494 609 2568 quidem
629 2494 750 2563 videtur,
771 2493 852 2550 valde

62 2587 213 2657 decorum,
224 2598 323 2663 patere
335 2589 433 2647 domos
449 2591 595 2647 hominurn
610 2590 761 2647 illustrium
777 2589 853 2646 illus-

63 2685 155 2742 tribus
183 2683 360 2760 hospitibus:
396 2685 482 2760 idque
509 2686 596 2744 etiam
619 2686 785 2761 reipublicae
810 2696 852 2744 est
867 2691 899 2742 25

61 2791 247 2852 ornament0,
272 2781 404 2838 homines
431 2794 564 2839 externos
591 2783 648 2840 hoc
674 2781 852 2840 liberalitatis

62 2895 171 2954 genere
193 2877 224 2934 in
248 2878 319 2934 urbe
343 2877 442 2935 nostrai
465 2897 523 2936 non
545 2898 639 2956 egere.
680 2879 733 2936 Est
758 2889 852 2937 autem

61 2975 152 3034 etiam
178 2975 364 3034 vehementer
392 2974 462 3038 utile
489 2975 527 3038 iis
553 2976 605 3058 qui
627 2977 759 3040 bonsste
778 2994 874 3056 nosse

294 3073 330 3132 11
344 3072 363 3109 ⁴*
