<?xml version="1.0" encoding="UTF-8"?>
<!DOCTYPE html PUBLIC "-//W3C//DTD XHTML 1.0 Transitional//EN"
    "http://www.w3.org/TR/xhtml1/DTD/xhtml1-transitional.dtd">
<html xmlns="http://www.w3.org/1999/xhtml" xml:lang="en" lang="en">
 <head>
  <title>
</title>
<meta http-equiv="Content-Type" content="text/html;charset=utf-8" />
  <meta name='ocr-system' content='tesseract 3.04.00' />
  <meta name='ocr-capabilities' content='ocr_page ocr_carea ocr_par ocr_line ocrx_word'/>
</head>
<body>
  <div class='ocr_page' id='page_1' title='image "./mtciceronisdeof00dillgoog/mtciceronisdeof00dillgoog_0382.png"; bbox 0 0 1904 3750; ppageno 0'>
   <div class='ocr_carea' id='block_1_1' title="bbox 229 256 905 340">
    <p class='ocr_par' dir='ltr' id='par_1_1' title="bbox 229 256 905 340">
     <span class='ocr_line' id='line_1_1' title="bbox 229 256 905 340; baseline -0.006 -11"><span class='ocrx_word' id='word_1_1' title='bbox 229 277 366 340; x_wconf 68' lang='lat' dir='ltr'>marus,</span> <span class='ocrx_word' id='word_1_2' title='bbox 385 280 458 329; x_wconf 78' lang='lat' dir='ltr'>srva</span> <span class='ocrx_word' id='word_1_3' title='bbox 478 279 521 328; x_wconf 83' lang='lat' dir='ltr'>oa</span> <span class='ocrx_word' id='word_1_4' title='bbox 541 278 698 328; x_wconf 79' lang='lat' dir='ltr'>rurcrrm.</span> <span class='ocrx_word' id='word_1_5' title='bbox 863 256 905 326; x_wconf 62' lang='grc' dir='ltr'>’ἠ</span> 
     </span>
    </p>
   </div>
   <div class='ocr_carea' id='block_1_2' title="bbox 66 425 899 3177">
    <p class='ocr_par' dir='ltr' id='par_1_2' title="bbox 67 425 899 1735">
     <span class='ocr_line' id='line_1_2' title="bbox 70 425 856 504; baseline -0.003 -19"><span class='ocrx_word' id='word_1_6' title='bbox 70 426 157 486; x_wconf 87' lang='lat' dir='ltr'>etiam</span> <span class='ocrx_word' id='word_1_7' title='bbox 177 438 243 504; x_wconf 80' lang='lat' dir='ltr'>post</span> <span class='ocrx_word' id='word_1_8' title='bbox 266 440 397 501; x_wconf 90' lang='lat' dir='ltr'>mortem,</span> <span class='ocrx_word' id='word_1_9' title='bbox 419 429 512 486; x_wconf 85' lang='lat' dir='ltr'>secuti</span> <span class='ocrx_word' id='word_1_10' title='bbox 534 427 620 486; x_wconf 88' lang='lat' dir='ltr'>amici</span> <span class='ocrx_word' id='word_1_11' title='bbox 641 436 671 484; x_wconf 92' lang='lat' dir='ltr'>et</span> <span class='ocrx_word' id='word_1_12' title='bbox 693 425 856 503; x_wconf 90' lang='lat' dir='ltr'>propinqui,</span> 
     </span>
     <span class='ocr_line' id='line_1_3' title="bbox 68 522 856 600; baseline -0.001 -18"><span class='ocrx_word' id='word_1_13' title='bbox 68 523 137 600; x_wconf 90' lang='lat' dir='ltr'>quid</span> <span class='ocrx_word' id='word_1_14' title='bbox 161 525 191 583; x_wconf 91' lang='lat' dir='ltr'>iu</span> <span class='ocrx_word' id='word_1_15' title='bbox 210 524 242 582; x_wconf 89' lang='lat' dir='ltr'>P.</span> <span class='ocrx_word' id='word_1_16' title='bbox 264 525 432 600; x_wconf 78' lang='lat' dir='ltr'><strong>Scipionem</strong></span> <span class='ocrx_word' id='word_1_17' title='bbox 454 525 612 596; x_wconf 84' lang='lat' dir='ltr'>effecerint,</span> <span class='ocrx_word' id='word_1_18' title='bbox 635 524 698 581; x_wconf 88' lang='lat' dir='ltr'>sine</span> <span class='ocrx_word' id='word_1_19' title='bbox 720 522 856 599; x_wconf 76' lang='lat' dir='ltr'>lacrymis</span> 
     </span>
     <span class='ocr_line' id='line_1_4' title="bbox 69 619 855 696; baseline -0.001 -19"><span class='ocrx_word' id='word_1_20' title='bbox 69 638 128 677; x_wconf 90' lang='lat' dir='ltr'>non</span> <span class='ocrx_word' id='word_1_21' title='bbox 142 639 216 696; x_wconf 90' lang='lat' dir='ltr'>queo</span> <span class='ocrx_word' id='word_1_22' title='bbox 230 621 336 678; x_wconf 88' lang='lat' dir='ltr'>dicere.</span> <span class='ocrx_word' id='word_1_23' title='bbox 378 620 455 678; x_wconf 91' lang='lat' dir='ltr'>Nam</span> <span class='ocrx_word' id='word_1_24' title='bbox 464 621 638 690; x_wconf 78' lang='lat' dir='ltr'>Carbonem,</span> <span class='ocrx_word' id='word_1_25' title='bbox 647 619 855 696; x_wconf 88' lang='lat' dir='ltr'>quoquomodo</span> 
     </span>
     <span class='ocr_line' id='line_1_5' title="bbox 69 714 853 792; baseline -0.001 -19"><span class='ocrx_word' id='word_1_26' title='bbox 69 715 224 792; x_wconf 86' lang='lat' dir='ltr'>potuimus,</span> <span class='ocrx_word' id='word_1_27' title='bbox 238 726 354 792; x_wconf 84' lang='lat' dir='ltr'>propter</span> <span class='ocrx_word' id='word_1_28' title='bbox 367 726 514 773; x_wconf 82' lang='lat' dir='ltr'>recentem</span> <span class='ocrx_word' id='word_1_29' title='bbox 526 734 641 791; x_wconf 83' lang='lat' dir='ltr'>poenam</span> <span class='ocrx_word' id='word_1_30' title='bbox 656 715 704 773; x_wconf 86' lang='lat' dir='ltr'>Ti.</span> <span class='ocrx_word' id='word_1_31' title='bbox 716 714 853 787; x_wconf 83' lang='lat' dir='ltr'>Gracchi,</span> 
     </span>
     <span class='ocr_line' id='line_1_6' title="bbox 69 811 886 883; baseline 0.004 -16"><span class='ocrx_word' id='word_1_32' title='bbox 69 811 276 870; x_wconf 78' lang='lat' dir='ltr'>sustinuimus:</span> <span class='ocrx_word' id='word_1_33' title='bbox 305 812 341 868; x_wconf 91' lang='lat' dir='ltr'>de</span> <span class='ocrx_word' id='word_1_34' title='bbox 362 811 397 869; x_wconf 85' lang='lat' dir='ltr'>C.</span> <span class='ocrx_word' id='word_1_35' title='bbox 423 811 551 869; x_wconf 89' lang='lat' dir='ltr'>Gracchi</span> <span class='ocrx_word' id='word_1_36' title='bbox 578 820 673 868; x_wconf 89' lang='lat' dir='ltr'>autem</span> <span class='ocrx_word' id='word_1_37' title='bbox 696 811 886 883; x_wconf 84' lang='lat' dir='ltr'>tribunatu,5</span> 
     </span>
     <span class='ocr_line' id='line_1_7' title="bbox 69 894 854 984; baseline 0.001 -20"><span class='ocrx_word' id='word_1_38' title='bbox 69 907 138 983; x_wconf 91' lang='lat' dir='ltr'>quid</span> <span class='ocrx_word' id='word_1_39' title='bbox 151 917 325 984; x_wconf 84' lang='lat' dir='ltr'>exspectem,</span> <span class='ocrx_word' id='word_1_40' title='bbox 334 926 393 965; x_wconf 88' lang='lat' dir='ltr'>uon</span> <span class='ocrx_word' id='word_1_41' title='bbox 401 894 472 964; x_wconf 80' lang='lat' dir='ltr'>libet</span> <span class='ocrx_word' id='word_1_42' title='bbox 482 907 624 984; x_wconf 83' lang='lat' dir='ltr'>augurari.</span> <span class='ocrx_word' id='word_1_43' title='bbox 666 908 762 983; x_wconf 87' lang='lat' dir='ltr'>Serpit</span> <span class='ocrx_word' id='word_1_44' title='bbox 775 908 854 965; x_wconf 89' lang='lat' dir='ltr'>enim</span> 
     </span>
     <span class='ocr_line' id='line_1_8' title="bbox 70 989 876 1079; baseline 0.001 -19"><span class='ocrx_word' id='word_1_45' title='bbox 70 1003 175 1061; x_wconf 92' lang='lat' dir='ltr'>deinde</span> <span class='ocrx_word' id='word_1_46' title='bbox 196 1023 263 1061; x_wconf 84' lang='lat' dir='ltr'>res:</span> <span class='ocrx_word' id='word_1_47' title='bbox 292 1023 355 1079; x_wconf 85' lang='lat' dir='ltr'>quae</span> <span class='ocrx_word' id='word_1_48' title='bbox 376 1003 531 1078; x_wconf 87' lang='lat' dir='ltr'>proclivius</span> <span class='ocrx_word' id='word_1_49' title='bbox 546 1003 581 1060; x_wconf 88' lang='lat' dir='ltr'>ad</span> <span class='ocrx_word' id='word_1_50' title='bbox 601 1003 771 1078; x_wconf 86' lang='lat' dir='ltr'>perniciem,</span> <span class='ocrx_word' id='word_1_51' title='bbox 786 989 876 1061; x_wconf 50' lang='lat' dir='ltr'>cum-r</span> 
     </span>
     <span class='ocr_line' id='line_1_9' title="bbox 70 1099 854 1175; baseline 0.003 -20"><span class='ocrx_word' id='word_1_52' title='bbox 70 1101 156 1157; x_wconf 89' lang='lat' dir='ltr'>semel</span> <span class='ocrx_word' id='word_1_53' title='bbox 184 1099 280 1175; x_wconf 90' lang='lat' dir='ltr'>ooepit,</span> <span class='ocrx_word' id='word_1_54' title='bbox 305 1099 417 1157; x_wconf 88' lang='lat' dir='ltr'>labitur.</span> <span class='ocrx_word' id='word_1_55' title='bbox 459 1099 582 1171; x_wconf 87' lang='lat' dir='ltr'>Videtis,</span> <span class='ocrx_word' id='word_1_56' title='bbox 610 1100 640 1156; x_wconf 88' lang='lat' dir='ltr'>iu</span> <span class='ocrx_word' id='word_1_57' title='bbox 666 1100 773 1157; x_wconf 70' lang='lat' dir='ltr'>tabelli</span> <span class='ocrx_word' id='word_1_58' title='bbox 793 1100 854 1175; x_wconf 79' lang='lat' dir='ltr'>jun</span> 
     </span>
     <span class='ocr_line' id='line_1_10' title="bbox 70 1195 852 1272; baseline -0.003 -19"><span class='ocrx_word' id='word_1_59' title='bbox 70 1205 136 1253; x_wconf 89' lang='lat' dir='ltr'>ante</span> <span class='ocrx_word' id='word_1_60' title='bbox 149 1206 256 1272; x_wconf 87' lang='lat' dir='ltr'>quanta</span> <span class='ocrx_word' id='word_1_61' title='bbox 269 1196 306 1252; x_wconf 87' lang='lat' dir='ltr'>sit</span> <span class='ocrx_word' id='word_1_62' title='bbox 320 1195 397 1253; x_wconf 81' lang='lat' dir='ltr'>facta</span> <span class='ocrx_word' id='word_1_63' title='bbox 410 1196 499 1267; x_wconf 89' lang='lat' dir='ltr'>labes,</span> <span class='ocrx_word' id='word_1_64' title='bbox 521 1195 614 1271; x_wconf 88' lang='lat' dir='ltr'>primo</span> <span class='ocrx_word' id='word_1_65' title='bbox 629 1195 756 1252; x_wconf 73' lang='lat' dir='ltr'>Gabinid</span> <span class='ocrx_word' id='word_1_66' title='bbox 778 1195 852 1272; x_wconf 82' lang='lat' dir='ltr'>lege,</span> 
     </span>
     <span class='ocr_line' id='line_1_11' title="bbox 69 1290 899 1367; baseline 0 -18"><span class='ocrx_word' id='word_1_67' title='bbox 69 1292 187 1349; x_wconf 90' lang='lat' dir='ltr'>biennio</span> <span class='ocrx_word' id='word_1_68' title='bbox 202 1303 296 1351; x_wconf 87' lang='lat' dir='ltr'>autem</span> <span class='ocrx_word' id='word_1_69' title='bbox 309 1302 384 1367; x_wconf 88' lang='lat' dir='ltr'>post,</span> <span class='ocrx_word' id='word_1_70' title='bbox 401 1292 514 1348; x_wconf 69' lang='lat' dir='ltr'>Cassii.</span> <span class='ocrx_word' id='word_1_71' title='bbox 555 1291 664 1348; x_wconf 88' lang='lat' dir='ltr'>Videre</span> <span class='ocrx_word' id='word_1_72' title='bbox 681 1290 740 1366; x_wconf 84' lang='lat' dir='ltr'>jam</span> <span class='ocrx_word' id='word_1_73' title='bbox 754 1290 852 1348; x_wconf 83' lang='lat' dir='ltr'>videor</span> <span class='ocrx_word' id='word_1_74' title='bbox 869 1300 899 1350; x_wconf 81' lang='lat' dir='ltr'>lo</span> 
     </span>
     <span class='ocr_line' id='line_1_12' title="bbox 67 1386 854 1465; baseline -0.003 -19"><span class='ocrx_word' id='word_1_75' title='bbox 67 1389 205 1465; x_wconf 90' lang='lat' dir='ltr'>populum</span> <span class='ocrx_word' id='word_1_76' title='bbox 228 1407 245 1446; x_wconf 90' lang='lat' dir='ltr'>a</span> <span class='ocrx_word' id='word_1_77' title='bbox 271 1398 372 1445; x_wconf 88' lang='lat' dir='ltr'>senatu</span> <span class='ocrx_word' id='word_1_78' title='bbox 397 1388 581 1464; x_wconf 85' lang='lat' dir='ltr'>disjunctum,</span> <span class='ocrx_word' id='word_1_79' title='bbox 606 1386 854 1462; x_wconf 86' lang='lat' dir='ltr'>multitudinisque</span> 
     </span>
     <span class='ocr_line' id='line_1_13' title="bbox 70 1483 852 1561; baseline -0.001 -19"><span class='ocrx_word' id='word_1_80' title='bbox 70 1486 185 1543; x_wconf 86' lang='lat' dir='ltr'>arbitrio</span> <span class='ocrx_word' id='word_1_81' title='bbox 199 1504 245 1543; x_wconf 86' lang='lat' dir='ltr'>res</span> <span class='ocrx_word' id='word_1_82' title='bbox 259 1485 397 1542; x_wconf 85' lang='lat' dir='ltr'>maximas</span> <span class='ocrx_word' id='word_1_83' title='bbox 416 1485 471 1561; x_wconf 86' lang='lat' dir='ltr'>agi.</span> <span class='ocrx_word' id='word_1_84' title='bbox 512 1484 613 1542; x_wconf 84' lang='lat' dir='ltr'>Plures</span> <span class='ocrx_word' id='word_1_85' title='bbox 633 1484 710 1540; x_wconf 88' lang='lat' dir='ltr'>enim</span> <span class='ocrx_word' id='word_1_86' title='bbox 731 1483 852 1556; x_wconf 86' lang='lat' dir='ltr'>discent,</span> 
     </span>
     <span class='ocr_line' id='line_1_14' title="bbox 68 1580 853 1657; baseline 0.003 -20"><span class='ocrx_word' id='word_1_87' title='bbox 68 1581 307 1656; x_wconf 89' lang='lat' dir='ltr'>quemadmodum</span> <span class='ocrx_word' id='word_1_88' title='bbox 321 1580 383 1638; x_wconf 83' lang='lat' dir='ltr'>haec</span> <span class='ocrx_word' id='word_1_89' title='bbox 404 1581 483 1654; x_wconf 87' lang='lat' dir='ltr'>liant,</span> <span class='ocrx_word' id='word_1_90' title='bbox 507 1599 592 1656; x_wconf 80' lang='lat' dir='ltr'>quam</span> <span class='ocrx_word' id='word_1_91' title='bbox 613 1580 853 1657; x_wconf 81' lang='lat' dir='ltr'>quemadmodum</span> 
     </span>
     <span class='ocr_line' id='line_1_15' title="bbox 68 1676 283 1735; baseline 0.014 -3"><span class='ocrx_word' id='word_1_92' title='bbox 68 1676 113 1733; x_wconf 86' lang='lat' dir='ltr'>his</span> <span class='ocrx_word' id='word_1_93' title='bbox 126 1677 283 1735; x_wconf 87' lang='lat' dir='ltr'>resistatur.</span> 
     </span>
    </p>

    <p class='ocr_par' dir='ltr' id='par_1_3' title="bbox 66 1773 899 3099">
     <span class='ocr_line' id='line_1_16' title="bbox 106 1773 899 1851; baseline -0.001 -18"><span class='ocrx_word' id='word_1_94' title='bbox 106 1773 255 1833; x_wconf 79' lang='lat' dir='ltr'>Quorsum</span> <span class='ocrx_word' id='word_1_95' title='bbox 277 1774 364 1831; x_wconf 74' lang='lat' dir='ltr'>haeai</span> <span class='ocrx_word' id='word_1_96' title='bbox 384 1774 452 1850; x_wconf 90' lang='lat' dir='ltr'>quia</span> <span class='ocrx_word' id='word_1_97' title='bbox 474 1775 536 1832; x_wconf 88' lang='lat' dir='ltr'>sine</span> <span class='ocrx_word' id='word_1_98' title='bbox 556 1775 643 1832; x_wconf 85' lang='lat' dir='ltr'>sociis</span> <span class='ocrx_word' id='word_1_99' title='bbox 664 1792 750 1832; x_wconf 87' lang='lat' dir='ltr'>nemo</span> <span class='ocrx_word' id='word_1_100' title='bbox 773 1774 899 1851; x_wconf 76' lang='lat' dir='ltr'>quid-15</span> 
     </span>
     <span class='ocr_line' id='line_1_17' title="bbox 68 1869 854 1948; baseline 0.005 -23"><span class='ocrx_word' id='word_1_101' title='bbox 68 1883 153 1943; x_wconf 84' lang='lat' dir='ltr'>quam</span> <span class='ocrx_word' id='word_1_102' title='bbox 166 1869 224 1926; x_wconf 86' lang='lat' dir='ltr'>tale</span> <span class='ocrx_word' id='word_1_103' title='bbox 238 1879 366 1927; x_wconf 83' lang='lat' dir='ltr'>conatur.</span> <span class='ocrx_word' id='word_1_104' title='bbox 407 1870 637 1946; x_wconf 85' lang='lat' dir='ltr'>Praecipiendum</span> <span class='ocrx_word' id='word_1_105' title='bbox 649 1881 692 1928; x_wconf 89' lang='lat' dir='ltr'>est</span> <span class='ocrx_word' id='word_1_106' title='bbox 705 1871 793 1948; x_wconf 84' lang='lat' dir='ltr'>igitur</span> <span class='ocrx_word' id='word_1_107' title='bbox 804 1873 854 1929; x_wconf 91' lang='lat' dir='ltr'>bo-</span> 
     </span>
     <span class='ocr_line' id='line_1_18' title="bbox 67 1963 854 2042; baseline 0.006 -22"><span class='ocrx_word' id='word_1_108' title='bbox 67 1965 124 2035; x_wconf 84' lang='lat' dir='ltr'>nis,</span> <span class='ocrx_word' id='word_1_109' title='bbox 133 1973 174 2036; x_wconf 92' lang='lat' dir='ltr'>ut,</span> <span class='ocrx_word' id='word_1_110' title='bbox 189 1964 213 2021; x_wconf 86' lang='lat' dir='ltr'>si</span> <span class='ocrx_word' id='word_1_111' title='bbox 228 1963 258 2021; x_wconf 90' lang='lat' dir='ltr'>in</span> <span class='ocrx_word' id='word_1_112' title='bbox 273 1965 413 2040; x_wconf 85' lang='lat' dir='ltr'>ejusmodi</span> <span class='ocrx_word' id='word_1_113' title='bbox 426 1967 567 2024; x_wconf 85' lang='lat' dir='ltr'>amicitias</span> <span class='ocrx_word' id='word_1_114' title='bbox 576 1967 668 2042; x_wconf 84' lang='lat' dir='ltr'>ignari</span> <span class='ocrx_word' id='word_1_115' title='bbox 678 1985 748 2023; x_wconf 80' lang='lat' dir='ltr'>casu</span> <span class='ocrx_word' id='word_1_116' title='bbox 759 1966 854 2042; x_wconf 89' lang='lat' dir='ltr'>aliquo</span> 
     </span>
     <span class='ocr_line' id='line_1_19' title="bbox 68 2060 853 2138; baseline 0.004 -22"><span class='ocrx_word' id='word_1_117' title='bbox 68 2060 232 2132; x_wconf 89' lang='lat' dir='ltr'>inciderint,</span> <span class='ocrx_word' id='word_1_118' title='bbox 255 2079 293 2117; x_wconf 87' lang='lat' dir='ltr'>ne</span> <span class='ocrx_word' id='word_1_119' title='bbox 307 2062 484 2133; x_wconf 61' lang='lat' dir='ltr'>,existiment</span> <span class='ocrx_word' id='word_1_120' title='bbox 506 2062 550 2118; x_wconf 87' lang='lat' dir='ltr'>ita</span> <span class='ocrx_word' id='word_1_121' title='bbox 567 2081 598 2118; x_wconf 90' lang='lat' dir='ltr'>se</span> <span class='ocrx_word' id='word_1_122' title='bbox 614 2061 755 2138; x_wconf 85' lang='lat' dir='ltr'>alligatos,</span> <span class='ocrx_word' id='word_1_123' title='bbox 770 2071 802 2118; x_wconf 93' lang='lat' dir='ltr'>ut</span> <span class='ocrx_word' id='word_1_124' title='bbox 817 2062 853 2119; x_wconf 87' lang='lat' dir='ltr'>ab</span> 
     </span>
     <span class='ocr_line' id='line_1_20' title="bbox 69 2156 854 2233; baseline 0.001 -20"><span class='ocrx_word' id='word_1_125' title='bbox 69 2156 170 2213; x_wconf 89' lang='lat' dir='ltr'>amicis</span> <span class='ocrx_word' id='word_1_126' title='bbox 181 2157 210 2213; x_wconf 87' lang='lat' dir='ltr'>in</span> <span class='ocrx_word' id='word_1_127' title='bbox 221 2158 327 2232; x_wconf 75' lang='lat' dir='ltr'>magud</span> <span class='ocrx_word' id='word_1_128' title='bbox 343 2158 437 2232; x_wconf 75' lang='lat' dir='ltr'>aliqud</span> <span class='ocrx_word' id='word_1_129' title='bbox 450 2177 482 2215; x_wconf 87' lang='lat' dir='ltr'>re</span> <span class='ocrx_word' id='word_1_130' title='bbox 492 2157 682 2233; x_wconf 85' lang='lat' dir='ltr'>peccantibus</span> <span class='ocrx_word' id='word_1_131' title='bbox 688 2176 748 2214; x_wconf 89' lang='lat' dir='ltr'>non</span> <span class='ocrx_word' id='word_1_132' title='bbox 762 2157 854 2214; x_wconf 85' lang='lat' dir='ltr'>disoe-</span> 
     </span>
     <span class='ocr_line' id='line_1_21' title="bbox 67 2252 899 2329; baseline 0.005 -20"><span class='ocrx_word' id='word_1_133' title='bbox 67 2252 145 2309; x_wconf 88' lang='lat' dir='ltr'>dant.</span> <span class='ocrx_word' id='word_1_134' title='bbox 185 2252 329 2328; x_wconf 89' lang='lat' dir='ltr'>Improbis</span> <span class='ocrx_word' id='word_1_135' title='bbox 344 2263 437 2311; x_wconf 89' lang='lat' dir='ltr'>autem</span> <span class='ocrx_word' id='word_1_136' title='bbox 451 2273 537 2329; x_wconf 86' lang='lat' dir='ltr'>poena</span> <span class='ocrx_word' id='word_1_137' title='bbox 550 2253 702 2310; x_wconf 86' lang='lat' dir='ltr'>statuenda</span> <span class='ocrx_word' id='word_1_138' title='bbox 714 2263 774 2323; x_wconf 90' lang='lat' dir='ltr'>est;</span> <span class='ocrx_word' id='word_1_139' title='bbox 796 2271 851 2311; x_wconf 87' lang='lat' dir='ltr'>nec</span> <span class='ocrx_word' id='word_1_140' title='bbox 866 2264 899 2314; x_wconf 62' lang='grc' dir='ltr'>ω</span> 
     </span>
     <span class='ocr_line' id='line_1_22' title="bbox 67 2348 852 2425; baseline 0.003 -20"><span class='ocrx_word' id='word_1_141' title='bbox 67 2367 135 2406; x_wconf 87' lang='lat' dir='ltr'>varo</span> <span class='ocrx_word' id='word_1_142' title='bbox 148 2349 241 2407; x_wconf 86' lang='lat' dir='ltr'>minor</span> <span class='ocrx_word' id='word_1_143' title='bbox 257 2348 292 2405; x_wconf 89' lang='lat' dir='ltr'>iis</span> <span class='ocrx_word' id='word_1_144' title='bbox 303 2350 351 2424; x_wconf 90' lang='lat' dir='ltr'>qui</span> <span class='ocrx_word' id='word_1_145' title='bbox 366 2349 458 2407; x_wconf 88' lang='lat' dir='ltr'>secuti</span> <span class='ocrx_word' id='word_1_146' title='bbox 472 2359 557 2407; x_wconf 82' lang='lat' dir='ltr'>eruut</span> <span class='ocrx_word' id='word_1_147' title='bbox 572 2348 702 2421; x_wconf 89' lang='lat' dir='ltr'>alterum,</span> <span class='ocrx_word' id='word_1_148' title='bbox 717 2368 801 2425; x_wconf 87' lang='lat' dir='ltr'>quam</span> <span class='ocrx_word' id='word_1_149' title='bbox 816 2349 852 2407; x_wconf 91' lang='lat' dir='ltr'>iis</span> 
     </span>
     <span class='ocr_line' id='line_1_23' title="bbox 66 2444 852 2521; baseline 0.001 -19"><span class='ocrx_word' id='word_1_150' title='bbox 66 2445 115 2520; x_wconf 92' lang='lat' dir='ltr'>qui</span> <span class='ocrx_word' id='word_1_151' title='bbox 136 2444 191 2521; x_wconf 87' lang='lat' dir='ltr'>ipsi</span> <span class='ocrx_word' id='word_1_152' title='bbox 212 2445 318 2502; x_wconf 87' lang='lat' dir='ltr'>suerint</span> <span class='ocrx_word' id='word_1_153' title='bbox 338 2445 494 2521; x_wconf 86' lang='lat' dir='ltr'>impietatis</span> <span class='ocrx_word' id='word_1_154' title='bbox 513 2445 612 2503; x_wconf 87' lang='lat' dir='ltr'>ducas.</span> <span class='ocrx_word' id='word_1_155' title='bbox 652 2444 731 2507; x_wconf 78' lang='lat' dir='ltr'>Quis</span> <span class='ocrx_word' id='word_1_156' title='bbox 747 2445 852 2505; x_wconf 86' lang='lat' dir='ltr'>clarior</span> 
     </span>
     <span class='ocr_line' id='line_1_24' title="bbox 67 2540 851 2617; baseline 0.004 -21"><span class='ocrx_word' id='word_1_157' title='bbox 67 2540 98 2597; x_wconf 90' lang='lat' dir='ltr'>in</span> <span class='ocrx_word' id='word_1_158' title='bbox 121 2540 236 2598; x_wconf 71' lang='lat' dir='ltr'>Graeoid</span> <span class='ocrx_word' id='word_1_159' title='bbox 259 2540 483 2598; x_wconf 69' lang='lat' dir='ltr'>Themistocle?</span> <span class='ocrx_word' id='word_1_160' title='bbox 511 2541 575 2616; x_wconf 92' lang='lat' dir='ltr'>quis</span> <span class='ocrx_word' id='word_1_161' title='bbox 595 2541 763 2617; x_wconf 79' lang='lat' dir='ltr'>potentiori</span> <span class='ocrx_word' id='word_1_162' title='bbox 792 2541 851 2616; x_wconf 92' lang='lat' dir='ltr'>qui,</span> 
     </span>
     <span class='ocr_line' id='line_1_25' title="bbox 68 2635 853 2710; baseline 0.005 -19"><span class='ocrx_word' id='word_1_163' title='bbox 68 2654 135 2692; x_wconf 90' lang='lat' dir='ltr'>cum</span> <span class='ocrx_word' id='word_1_164' title='bbox 149 2635 302 2710; x_wconf 84' lang='lat' dir='ltr'>imperator</span> <span class='ocrx_word' id='word_1_165' title='bbox 315 2636 392 2693; x_wconf 91' lang='lat' dir='ltr'>bello</span> <span class='ocrx_word' id='word_1_166' title='bbox 412 2635 530 2694; x_wconf 89' lang='lat' dir='ltr'>Persico</span> <span class='ocrx_word' id='word_1_167' title='bbox 553 2637 689 2695; x_wconf 87' lang='lat' dir='ltr'>servitute</span> <span class='ocrx_word' id='word_1_168' title='bbox 708 2637 853 2695; x_wconf 71' lang='lat' dir='ltr'>Graeciam</span> 
     </span>
     <span class='ocr_line' id='line_1_26' title="bbox 67 2731 899 2810; baseline 0 -20"><span class='ocrx_word' id='word_1_169' title='bbox 67 2731 227 2804; x_wconf 71' lang='lat' dir='ltr'>liberdsset,</span> <span class='ocrx_word' id='word_1_170' title='bbox 246 2741 418 2807; x_wconf 86' lang='lat' dir='ltr'>propterque</span> <span class='ocrx_word' id='word_1_171' title='bbox 438 2732 574 2790; x_wconf 85' lang='lat' dir='ltr'>invidiam</span> <span class='ocrx_word' id='word_1_172' title='bbox 594 2733 624 2790; x_wconf 91' lang='lat' dir='ltr'>in</span> <span class='ocrx_word' id='word_1_173' title='bbox 645 2732 777 2790; x_wconf 87' lang='lat' dir='ltr'>exsilium</span> <span class='ocrx_word' id='word_1_174' title='bbox 790 2732 853 2810; x_wconf 90' lang='lat' dir='ltr'>pul·</span> <span class='ocrx_word' id='word_1_175' title='bbox 864 2739 899 2790; x_wconf 54' lang='grc' dir='ltr'><strong>ἥ</strong></span> 
     </span>
     <span class='ocr_line' id='line_1_27' title="bbox 67 2827 852 2904; baseline 0.003 -19"><span class='ocrx_word' id='word_1_176' title='bbox 67 2847 117 2886; x_wconf 91' lang='lat' dir='ltr'>sus</span> <span class='ocrx_word' id='word_1_177' title='bbox 130 2838 215 2900; x_wconf 87' lang='lat' dir='ltr'>esset,</span> <span class='ocrx_word' id='word_1_178' title='bbox 230 2828 348 2904; x_wconf 79' lang='lat' dir='ltr'>ingratae</span> <span class='ocrx_word' id='word_1_179' title='bbox 361 2827 461 2903; x_wconf 77' lang='lat' dir='ltr'>patria</span> <span class='ocrx_word' id='word_1_180' title='bbox 471 2827 603 2904; x_wconf 88' lang='lat' dir='ltr'>injuriam</span> <span class='ocrx_word' id='word_1_181' title='bbox 612 2847 671 2886; x_wconf 89' lang='lat' dir='ltr'>uon</span> <span class='ocrx_word' id='word_1_182' title='bbox 682 2829 758 2901; x_wconf 86' lang='lat' dir='ltr'>tulit,</span> <span class='ocrx_word' id='word_1_183' title='bbox 767 2847 852 2904; x_wconf 83' lang='lat' dir='ltr'>quam</span> 
     </span>
     <span class='ocr_line' id='line_1_28' title="bbox 69 2923 859 3001; baseline 0.004 -20"><span class='ocrx_word' id='word_1_184' title='bbox 69 2923 143 2981; x_wconf 86' lang='lat' dir='ltr'>ferre</span> <span class='ocrx_word' id='word_1_185' title='bbox 157 2924 265 2982; x_wconf 88' lang='lat' dir='ltr'>debuit.</span> <span class='ocrx_word' id='word_1_186' title='bbox 306 2923 391 2980; x_wconf 83' lang='lat' dir='ltr'>Fecit</span> <span class='ocrx_word' id='word_1_187' title='bbox 404 2923 492 2996; x_wconf 92' lang='lat' dir='ltr'>idem,</span> <span class='ocrx_word' id='word_1_188' title='bbox 515 2925 592 3001; x_wconf 93' lang='lat' dir='ltr'>quod</span> <span class='ocrx_word' id='word_1_189' title='bbox 612 2925 674 2983; x_wconf 85' lang='lat' dir='ltr'>XX</span> <span class='ocrx_word' id='word_1_190' title='bbox 688 2925 772 2984; x_wconf 88' lang='lat' dir='ltr'>annis</span> <span class='ocrx_word' id='word_1_191' title='bbox 786 2935 859 2984; x_wconf 65' lang='lat' dir='ltr'>ante*</span> 
     </span>
     <span class='ocr_line' id='line_1_29' title="bbox 68 3019 882 3099; baseline -0.005 -21"><span class='ocrx_word' id='word_1_192' title='bbox 68 3019 145 3093; x_wconf 75' lang='lat' dir='ltr'>apud</span> <span class='ocrx_word' id='word_1_193' title='bbox 157 3038 211 3078; x_wconf 85' lang='lat' dir='ltr'>nos</span> <span class='ocrx_word' id='word_1_194' title='bbox 224 3020 332 3078; x_wconf 85' lang='lat' dir='ltr'>fecerat</span> <span class='ocrx_word' id='word_1_195' title='bbox 345 3019 531 3082; x_wconf 50' lang='lat' dir='ltr'>Coriolanus,</span> <span class='ocrx_word' id='word_1_196' title='bbox 558 3021 624 3081; x_wconf 70' lang='lat' dir='ltr'>ine</span> <span class='ocrx_word' id='word_1_197' title='bbox 632 3023 753 3099; x_wconf 51' lang='lat' dir='ltr'>adiutor</span> <span class='ocrx_word' id='word_1_198' title='bbox 765 3025 882 3074; x_wconf 68' lang='lat' dir='ltr'>coam</span> 
     </span>
    </p>

    <p class='ocr_par' dir='ltr' id='par_1_4' title="bbox 258 3117 309 3177">
     <span class='ocr_line' id='line_1_30' title="bbox 258 3117 309 3177; baseline 0 -23"><span class='ocrx_word' id='word_1_199' title='bbox 258 3117 309 3177; x_wconf 67' lang='lat'>7*</span> 
     </span>
    </p>
   </div>
   <div class='ocr_carea' id='block_1_3' title="bbox 0 0 956 3750">
    <p class='ocr_par' dir='ltr' id='par_1_5' title="bbox 0 0 956 3750">
     <span class='ocr_line' id='line_1_31' title="bbox 0 0 956 3750; baseline 0 0"><span class='ocrx_word' id='word_1_200' title='bbox 0 0 956 3750; x_wconf 95' lang='lat' dir='ltr'> </span> 
     </span>
    </p>
   </div>
  </div>
 </body>
</html>
