1904 3750
70 241 112 302 54
177 249 267 300 orno
287 251 403 311 urion,
416 250 480 299 suu
501 249 550 299 un
570 247 791 301 sensorum.

119 419 166 460 me
179 401 241 478 ipso
254 402 435 474 consolabar,
449 401 627 476 existimans,
641 420 701 461 non
714 401 906 480 longinquum

119 498 194 557 inter
208 518 261 558 nos
275 499 434 577 digressum
448 510 478 557 et
491 499 650 558 discessum
663 499 734 558 fore.

159 596 215 654 His
227 596 300 653 mihi
311 596 407 669 rebus,
423 597 532 672 Scipio,
548 595 593 674 (id
606 595 684 654 enim
695 606 801 654 tecum
812 592 904 652 Ltelio
939 672 943 680 ἱ

120 692 254 751 admirari
281 693 374 751 solere
401 693 512 773 dixisti)
537 694 609 751 levis
629 703 674 750 est
688 702 833 764 senectus,
847 709 904 750 nec

87 801 104 850 5
118 790 211 848 solum
221 807 281 848 uon
295 791 425 863 molesta,
439 790 587 848 sedetiam
598 789 737 866 jucunda.
776 787 902 850 Quodsi

118 886 149 944 in
163 886 220 943 hoc
240 905 314 959 erro,
328 887 405 963 quod
427 887 537 945 animos
558 887 708 944 hominum
728 885 903 949 immortales

118 1001 181 1040 esse
195 984 321 1056 credam,
335 983 467 1042 lubenter
481 1002 563 1042 erro:
584 1002 641 1041 nec
655 983 726 1040 mihi
735 983 814 1040 hunc
827 1001 904 1040 erro-

118 1098 189 1152 rem,
211 1100 268 1156 quo
292 1080 431 1153 delectur,
457 1080 525 1138 dum
549 1080 623 1152 vivo,
646 1079 809 1155 extorqueri
828 1078 902 1136 volo.

119 1177 183 1249 Sin,
197 1187 337 1249 mortuus,
353 1176 398 1254 (ut
411 1177 527 1253 quidam
540 1177 645 1234 minuti
658 1173 823 1252 philosophi
836 1193 905 1233 een·

72 1270 104 1322 1⁰
118 1275 195 1354 sent)
211 1274 283 1332 nihil
303 1274 442 1344 sentiom3
463 1293 522 1332 non
542 1291 651 1345 vereor,
671 1292 709 1330 ne
729 1272 808 1330 hunc
828 1290 905 1329 erro-

118 1389 179 1428 rem
202 1389 298 1428 meum
318 1370 424 1428 mortui
443 1370 607 1446 philosophi
628 1369 784 1427 irrideant·
813 1367 904 1431 Quod

118 1466 142 1523 si
156 1485 216 1523 non
230 1485 328 1523 sumus
342 1466 517 1523 immortales
532 1465 631 1536 futuri,
646 1474 743 1523 tamen
757 1463 904 1540 exstingui

118 1560 228 1618 homini
256 1580 309 1619 suu
329 1570 456 1636 tempore
478 1561 605 1637 optabile
625 1571 676 1619 est.
718 1560 796 1618 Num
817 1560 904 1618 habet

118 1669 230 1727 natura,
245 1667 277 1714 ut
298 1657 416 1714 aliarum
438 1658 568 1714 omnium
588 1677 695 1729 rerum,
710 1657 753 1714 sic
777 1656 903 1728 vivendi,

73 1748 104 1797 15
118 1753 243 1810 modum.
293 1753 435 1810 Senectus
460 1763 556 1810 autem
575 1755 704 1829 peractio
732 1753 823 1810 aetatis
850 1763 904 1825 est,

118 1859 252 1924 tunquam
277 1849 397 1919 fabulae3
433 1850 515 1925 cujus
540 1850 776 1926 defatigationem
804 1849 904 1927 sugere

119 1946 265 2017 debemus,
280 1947 439 2022 praesertim
454 1947 589 2023 adjunctis
604 1947 745 2005 satietate.

158 2043 232 2102 Haec
259 2043 357 2115 habui,
372 2043 408 2100 de
436 2054 585 2100 senectute
612 2062 675 2117 quae
703 2043 846 2113 dicerem3
869 2043 904 2101 cd

119 2160 203 2216 quam
218 2140 329 2198 utinam
338 2140 528 2215 perveniatis!
550 2150 640 2211 ntea,
656 2158 719 2214 quse
740 2158 776 2197 ex
796 2158 843 2197 me
858 2159 906 2198 eu-

72 2232 105 2282 20
120 2235 213 2310 distis,
227 2255 258 2294 re
272 2236 392 2312 experti,
406 2235 528 2312 probare
542 2234 666 2311 possitis.
