1904 3750
233 259 371 319 LAELIUS,
389 260 463 307 SIVE
483 252 527 306 DE
546 259 702 306 AMICITIA.
864 251 904 309 65
925 270 928 276 ’

62 406 174 489 ‚landos
187 419 333 483 putemus3
355 410 422 484 quia
434 420 589 483 sequantur
605 406 757 486 (quantum
767 407 859 465 homi-

72 523 124 561 nes
150 506 284 584 possunt)
312 516 453 578 naturam,
481 506 617 582 optimam
644 505 717 562 bene
745 504 858 562 vivendi

72 601 184 658 ducem.
227 602 279 659 Sic
301 602 379 659 enim
402 603 472 659 mihi
498 602 662 678 perspicere
685 601 794 672 videor,
818 601 859 659 ita

71 706 155 753 natos
178 715 241 755 esse
264 717 327 769 nos,
352 707 383 756 ut
406 683 480 756 iuter
507 717 607 756 omnes
633 711 709 755 esset
735 698 859 755 societas

71 792 218 867 quaedam:
253 795 343 870 major
378 805 483 866 autem,
513 805 543 852 ut
576 795 696 870 quisque
728 794 857 870 proxime
872 804 889 853 5
902 806 914 819 “

73 890 242 947 accederet:
264 891 361 965 itaque
382 892 460 948 cives
480 891 606 966 potiores
627 909 712 965 quam
733 889 858 966 peregri·

70 984 118 1055 ni3
146 995 175 1042 et
198 987 357 1062 propinqui,
380 1005 466 1062 quam
490 987 593 1044 alieni:
623 1006 689 1043 cum
713 987 757 1043 his
780 986 858 1043 enim

69 1082 228 1140 amicitiam
244 1094 347 1141 natura
360 1084 421 1159 ipsa
434 1083 553 1159 peperit.
595 1084 653 1140 Sed
668 1101 703 1139 ea
715 1102 774 1140 non
789 1083 857 1139 satis

70 1177 158 1234 habet
180 1178 336 1236 firmitatis:
366 1199 489 1254 namque
513 1181 569 1236 hoc
592 1189 707 1254 praestat
732 1179 859 1236 amicitia

69 1274 285 1348 propinquitati,
297 1277 372 1350 quod
386 1295 421 1333 ex
434 1275 644 1352 propinquitate
658 1275 858 1332 benevolentia
873 1286 904 1335 10

68 1369 132 1427 tolli
145 1382 248 1446 potest,
260 1391 296 1428 ex
310 1373 437 1430 amicitiai
452 1392 510 1429 non
523 1383 632 1448 potest:
654 1372 766 1429 sublatri
780 1371 857 1428 enim

68 1467 281 1539 benevolentiti,
297 1468 430 1526 amicitiae
444 1488 550 1526 nomen
564 1469 683 1540 tollitur,
694 1467 858 1544 propinqui·

68 1562 137 1619 tatis
151 1574 255 1621 manet.
296 1564 416 1626 Quanta
431 1576 526 1622 autem
544 1565 587 1622 vis
608 1565 741 1623 amicitie
760 1565 807 1636 sit,
821 1583 858 1622 ex

70 1658 126 1715 hoc
150 1659 273 1736 intelligi
299 1662 422 1718 maxime
445 1672 548 1738 potest,
573 1663 660 1737 quod,
685 1681 721 1719 ex
744 1661 857 1719 infinita

68 1755 209 1812 societate
226 1758 341 1834 generis
358 1758 487 1831 humani,
502 1778 587 1834 quam
608 1758 775 1816 conciliavit
795 1759 858 1833 ipsa
873 1769 903 1818 15

69 1861 181 1923 natura,
201 1852 241 1910 ita
259 1863 409 1911 contracta
428 1873 474 1911 res
494 1865 547 1926 est,
565 1865 594 1912 et
612 1855 738 1912 adducta
758 1855 788 1911 in
800 1873 858 1912 an·

67 1957 195 2024 gustum,
206 1959 238 2006 ut
250 1950 344 2007 omnis
357 1951 463 2008 caritas
478 1961 526 2008 aut
540 1951 707 2022 interdum,
720 1961 768 2008 aut
782 1951 856 2008 iuter

67 2063 187 2119 paucos,
199 2044 375 2123 jungeretur.

108 2236 158 2294 VI.
201 2237 254 2295 Est
289 2249 382 2296 autem
418 2239 546 2296 amicitia
578 2238 649 2295 nihil
684 2238 771 2309 aliud,
799 2236 855 2293 nisi

67 2334 197 2390 omnium
216 2335 377 2392 divinarum
399 2335 645 2409 humanarumque
664 2353 769 2404 rerum,
789 2353 854 2390 cum
870 2341 902 2391 20

67 2429 269 2487 benevolentia
287 2441 316 2487 et
335 2433 463 2508 caritate,
479 2450 591 2489 summa
604 2430 776 2488 consensio:
799 2429 856 2504 quil

67 2526 185 2599 quidem
204 2527 280 2583 haud
302 2528 373 2598 scic,
392 2547 438 2599 an,
457 2528 578 2602 excepti
601 2527 752 2603 sapientia,
776 2526 856 2600 quid-

67 2640 152 2695 quam
179 2623 281 2679 melius
309 2623 419 2680 homini
446 2624 483 2680 sit
511 2643 528 2681 a
554 2623 619 2680 Diis
647 2622 855 2680 immortalibus

66 2719 173 2776 datum.
228 2718 352 2775 Divitias
382 2719 431 2776 alii
461 2728 640 2794 praeponunt,
668 2720 774 2776 bonam
806 2718 854 2776 alii

65 2814 270 2885 valetudinem,
294 2815 341 2871 alii
362 2816 531 2889 potentiam,
551 2815 598 2872 alii
617 2815 752 2886 honores,
771 2815 853 2872 multi
867 2831 899 2880 ᾖ

64 2910 152 2968 etiam
166 2912 332 2986 voluptates.
375 2911 539 2968 Belluarum
556 2912 613 2969 hoe
626 2913 742 2988 quidem
763 2922 854 2969 extre·

65 3023 143 3065 mum
155 3017 213 3064 est:
233 3007 283 3065 illa
296 3016 392 3066 autem
402 3007 567 3087 superiora,
576 3007 881 3068 circumimus„

257 3105 279 3162 6
291 3104 308 3140 t
