1904 3750
120 275 159 336 16
302 282 306 293 ⁸
410 288 498 335 cluo
516 289 633 348 usion,
652 288 716 338 suu

165 434 252 509 canii,
274 454 342 493 cum
361 436 569 511 rempublicam
589 432 712 495 consilio
732 446 762 495 et
782 430 952 496 eucerius·

164 532 366 604 defendebant,
380 531 453 589 nihil
469 534 611 609 agebantl

204 628 253 685 Ad
266 628 341 704 App.
356 627 473 685 Claudii
487 639 667 687 senectutem
682 630 841 687 accedebat
854 629 951 701 etiam,

164 734 197 783 ut
223 742 320 782 caecus
346 733 438 782 esset:
469 734 500 782 et
526 736 622 783 tamen
650 726 685 798 is,
714 744 781 783 cum
809 726 945 784 sementi

131 832 149 880 5
165 820 281 878 senatus
295 806 448 879 inclinaret
462 822 497 879 ad
510 840 623 897 pacem,
637 833 667 879 et
681 822 773 880 soedus
787 821 936 879 hcieudu

165 936 232 975 cum
246 917 367 993 Pyrrho,
382 936 441 975 non
455 917 596 976 dubitavit
609 918 708 976 dicere
722 919 781 992 illa,
790 938 854 995 quas
866 917 941 977 versi

61 1050 64 1055 >
165 1015 219 1073 bus
231 1024 402 1091 persecutus
416 1024 460 1072 est
473 1014 605 1073 Ennius:

225 1173 243 1201 “
254 1170 312 1228 Quo
323 1152 393 1219 vohis
404 1176 509 1232 mentes,
520 1175 594 1219 rectae
606 1185 661 1234 quae
673 1176 737 1219 stare
749 1170 862 1219 solebant

253 1250 378 1312 Antehac,
388 1250 517 1299 dementes
527 1265 582 1299 sese
593 1249 686 1300 flexere
699 1251 762 1316 [via]
771 1253 781 1299 ?
791 1250 807 1272 ”

119 1396 150 1445 10
167 1405 328 1471 caeteraque
342 1394 527 1472 gravissime:
541 1403 643 1451 notum
654 1393 732 1451 enim
743 1393 825 1452 vobis
837 1410 945 1451 carme·

166 1500 226 1549 cst:
248 1500 277 1548 et
297 1501 393 1549 tamen
414 1491 504 1566 ipsius
524 1489 615 1566 Appii
635 1499 714 1548 extat
732 1490 844 1549 oratio:
870 1498 948 1564 atqu

166 1587 242 1644 hanc
262 1586 310 1644 ille
331 1586 391 1663 egit
411 1597 520 1662 septem
540 1595 570 1643 et
584 1586 685 1644 decem
700 1605 791 1645 annos
808 1595 874 1662 post
888 1586 941 1643 alt

165 1700 230 1738 rum
257 1682 449 1754 consulatum,
478 1701 545 1739 cum
573 1682 648 1740 inter
680 1684 753 1740 duos
788 1683 951 1741 consulatu

167 1776 235 1833 anni
250 1777 350 1835 decem
372 1777 605 1850 interfluxissent,
620 1797 781 1853 censorque
803 1789 869 1836 ante
888 1797 944 1837 con

120 1877 150 1926 15
166 1873 290 1931 sulatum
305 1875 481 1951 superiorem
495 1876 604 1933 suisset.
646 1875 693 1933 Ex
703 1894 760 1951 quo
774 1875 945 1953 intelligitur

166 1969 270 2045 Pyrrhi
284 1971 361 2028 bello
375 1973 514 2049 grandem
534 1991 604 2031 sane
625 1972 730 2030 fuisse:
752 1981 781 2031 et
802 1982 899 2030 tamen
913 1971 952 2029 si

168 2069 326 2144 apatribus
348 2070 521 2145 accepimus.

206 2163 289 2223 Nihil
305 2166 392 2243 igitur
407 2166 538 2236 afferunt,
554 2165 603 2240 qui
618 2165 648 2222 in
662 2184 693 2222 re
707 2166 836 2243 gerenda
849 2184 945 2222 versar

168 2273 346 2320 senectutem
366 2271 489 2339 negant:
511 2262 676 2336 similesque
696 2271 764 2319 sunt
777 2262 823 2333 iis,
839 2262 888 2338 qui
906 2280 945 2338 gu

120 2357 152 2408 2⁰
168 2359 349 2416 bernatorem
364 2359 394 2415 in
408 2354 571 2434 navigando
586 2376 671 2434 agere
685 2358 757 2415 nihil
769 2358 878 2428 dicant,
889 2376 926 2414 cu
944 2382 949 2408 ι

169 2455 218 2512 alii
240 2454 331 2511 malos
353 2454 503 2525 scandant,
525 2453 574 2510 alii
594 2472 645 2529 per
666 2454 745 2511 soros
766 2462 891 2523 cursent,
907 2452 944 2509 ali

168 2550 311 2608 sentinam
324 2550 493 2608 exhauriant
501 2570 509 2619 ;
531 2549 580 2608 ille
594 2559 700 2622 autem,
714 2550 828 2608 olavum
843 2558 945 2606 tenens

168 2647 268 2704 sedeat
294 2646 324 2703 in
350 2647 439 2722 puppi
459 2646 581 2721 quietus,
623 2645 693 2703 Non
715 2645 803 2704 saciat
823 2664 867 2716 ea,
893 2665 952 2719 qua

172 2742 309 2818 juvenes:
333 2752 441 2799 atvero
456 2742 545 2798 multo
566 2742 675 2818 majora
694 2751 724 2800 et
743 2740 863 2799 meliora
877 2741 947 2798 facit

120 2841 152 2891 25
168 2836 198 2895 N
200 2857 238 2895 on
252 2838 371 2909 viribus,
384 2847 432 2895 aut
445 2838 657 2911 velocitatibus,
673 2848 721 2896 aut
732 2837 880 2894 celeritate
895 2856 945 2894 cor

161 2951 278 3010 porum,
301 2952 347 2991 res
368 2954 479 3012 magnae
501 2944 648 3011 geruntur,
669 2933 720 2992 sed
740 2933 874 3006 consilio,
891 2953 926 2992 au

156 3031 289 3108 toritate,
305 3033 476 3106 sententiis,
491 3032 599 3110 quihus
608 3049 672 3090 nou
681 3029 842 3087 mohouou
851 3030 949 3087 orhari
