1904 3750
57 249 137 310 tun
348 245 393 293 ua
411 247 556 295 osslcrls.
855 231 897 295 ω

58 400 182 459 siderate
209 395 406 472 loquentium,
434 406 519 470 atque
545 395 576 452 in
602 394 733 463 marbais
765 395 850 455 rebus

58 495 227 554 errantium.
277 492 311 551 Si
334 503 429 551 sutem
449 502 492 551 est
513 493 607 568 aliqua
626 492 777 568 disciplina
795 493 850 550 vir—

59 593 137 664 tutis,
162 591 216 648 ubi
244 608 281 648 ea
307 600 460 664 quaretur,
485 608 552 647 cum
579 590 615 648 ab
638 590 695 648 hoo
718 590 849 648 discendi

58 707 166 765 genere
189 685 379 745 discesserisl
419 686 478 743 Sed
498 686 569 759 brec,
584 705 651 745 curu
672 687 707 743 ad
728 688 850 762 pbiloso-

59 785 158 860 pbiam
179 784 378 853 cohortamur,
399 782 561 842 accuratius
581 783 720 861 disputari
740 784 880 842 solent:5

61 881 137 955 quod
159 879 218 937 alio
238 879 365 955 quodam
391 877 463 937 libro
489 879 618 938 fecimus.
660 879 727 939 Hoc
755 891 849 938 autem

61 986 190 1052 tempore
217 985 333 1033 tantum
360 975 444 1033 nobis
471 976 674 1036 declarandum
702 976 764 1046 luit,
787 996 849 1048 eur,

61 1072 153 1129 orbati
173 1071 344 1147 reipublicae
371 1071 546 1142 muneribus,
568 1071 603 1129 ad
630 1071 688 1128 hoc
713 1088 766 1126 nos
792 1081 851 1130 stu-

64 1167 140 1225 dium
154 1168 341 1244 potibsimum
355 1167 584 1225 contulissemus.

99 1246 275 1321 Occurritur
304 1271 399 1318 autem
422 1262 515 1333 nobis,
536 1273 565 1318 et
586 1260 702 1337 quidem
724 1279 740 1317 a
759 1260 850 1318 doctis
865 1267 897 1317 10

64 1369 92 1417 et
110 1359 246 1435 eruditis,
265 1358 471 1434 quarentibus,
489 1360 598 1420 satisne
622 1368 787 1420 constanter
803 1359 851 1416 la·

64 1474 129 1514 cere
155 1456 317 1526 rideamus,
342 1454 403 1528 qui,
430 1474 497 1514 cum
529 1455 642 1532 percipi.
670 1454 742 1515 nihil
768 1474 852 1531 posse

64 1551 204 1625 dicamus,
218 1561 320 1609 tamen
333 1560 362 1609 et
376 1551 439 1609 aliis
452 1552 488 1609 de
502 1553 587 1610 rebus
602 1553 743 1615 disserere
762 1553 851 1613 soloa-

63 1666 135 1719 mm,
150 1658 181 1706 et
194 1649 251 1706 boc
266 1647 331 1722 ipso
345 1655 471 1722 tempore
488 1660 631 1724 praecepta
650 1650 737 1709 officii
756 1668 851 1726 perse·

63 1763 191 1820 quarum.
246 1743 367 1804 Quibus
393 1745 495 1803 rellem
521 1746 590 1805 satis
623 1747 741 1823 cognita
775 1757 850 1807 esset
865 1750 897 1799 15

63 1851 162 1899 nostra
180 1838 344 1901 sententia:
372 1858 431 1898 non
458 1841 535 1900 enim
558 1862 657 1903 sumus
677 1843 708 1916 ii,
729 1863 851 1919 quorum

62 1948 181 2015 vagetur
216 1937 331 1995 animus
358 1955 465 2008 errore,
490 1957 546 1997 nec
579 1940 683 1999 habeat
715 1960 850 2015 unquam,

61 2035 138 2110 qaod
158 2042 306 2109 sequatur.
346 2031 423 2094 Quas
443 2034 518 2093 enim
539 2045 614 2093 esset
634 2035 690 2093 ista
702 2055 792 2107 mens,
807 2036 851 2094 vel

62 2149 127 2206 prro
139 2131 201 2191 vita
212 2129 320 2206 potius,
334 2147 393 2186 non
412 2131 500 2188 modu
512 2130 686 2205 disputandi,
701 2132 752 2188 sed
765 2132 851 2189 etiam

61 2226 187 2297 vivendi,
201 2225 316 2283 ratione
329 2226 461 2284 sublatdl
502 2226 566 2287 Nos
581 2236 686 2296 autem,
700 2236 731 2283 ut
745 2226 851 2296 ceteri,
866 2231 898 2281 20

63 2321 120 2381 ulia
139 2333 232 2394 certa,
255 2321 313 2379 alia
331 2321 442 2381 incerta
462 2342 524 2381 esse
545 2322 663 2389 dicunt;
683 2321 736 2392 sic,
751 2323 787 2379 ab
807 2321 853 2379 bis

63 2418 279 2488 dissentientes,
302 2418 357 2475 alia
382 2419 551 2494 probabilia,
579 2427 689 2487 contra,
713 2417 768 2476 alia
794 2437 851 2475 non

63 2514 232 2590 probabilia,
247 2532 311 2570 esse
325 2513 456 2572 dicimus.
497 2513 580 2575 Quid
600 2522 643 2570 est
665 2511 760 2588 igitur,
775 2513 851 2588 quod

63 2629 109 2668 me
123 2610 273 2686 impediat,
289 2629 333 2681 ea,
348 2630 410 2684 quae
432 2611 501 2668 mibi
521 2608 679 2686 probabilia
692 2609 851 2682 videantur,

63 2708 163 2782 sequi;
184 2726 249 2781 que
269 2719 379 2776 contra,
399 2707 575 2782 improbare3
598 2715 692 2781 atque,
713 2697 851 2765 affirmari·
865 2718 898 2768 25

64 2801 94 2861 di
121 2803 315 2879 arrogantiam
347 2802 492 2876 vitantem,
520 2804 620 2879 lugere
653 2803 849 2878 temeritatem,

64 2917 128 2976 qun
156 2919 174 2958 a
200 2899 340 2976 sapientis
368 2898 486 2958 dissidet
513 2897 688 2977 plurimuml
741 2899 852 2961 Contra

65 3005 162 3061 tutem
189 2996 286 3058 omnia
313 2995 474 3079 disputatur
501 3018 522 3062 a
545 2993 675 3074 ausula
699 2999 784 3080 anob
798 2999 871 3060 nac
