1904 3750
77 263 117 328 64
280 280 417 340 nnuma,
435 281 509 330 srva
528 283 571 328 on
590 282 748 330 amoma.

121 428 333 504 Quamobrem,
347 451 411 506 quae
425 431 563 508 disputari
584 433 620 490 de
639 433 766 492 amicitia
779 445 911 510 possunt,

122 527 160 584 ab
178 527 230 600 eis,
246 547 361 600 censeo,
373 529 488 604 petatis,
504 529 552 603 qui
572 530 627 587 ista
645 531 831 605 profitentur:
852 549 911 608 ego

123 642 171 681 vos
186 623 290 682 hortari
304 634 415 682 tanturn
425 644 552 700 possum,
564 635 595 682 ut
610 626 766 684 amicitiam
777 628 912 686 omnibus

125 720 210 778 rebus
224 721 357 778 humanis
379 722 575 797 anteponatis:
597 723 669 779 nihil
690 733 734 780 est
754 723 831 780 enirn
852 733 911 783 tarn

92 825 109 873 5
123 825 232 873 naturae
254 827 360 892 aptum,
375 829 433 876 tam
452 818 627 875 conveniens
642 819 676 876 ad
691 838 737 877 res
751 820 795 877 vel
809 839 912 878 secun·

123 912 183 983 das,
198 912 244 970 vel
261 914 400 972 adversas.
878 928 882 933 ’

162 1010 221 1065 Sed
232 1010 287 1068 hoc
297 1011 420 1086 primum
431 1011 534 1083 sentio,
545 1011 601 1068 nisi
612 1011 641 1068 in
652 1011 744 1083 bonis,
755 1012 912 1069 amicitiam

123 1125 256 1163 essenon
266 1127 363 1182 posse:
385 1126 478 1182 neque
493 1106 522 1164 id
538 1108 573 1164 ad
587 1108 680 1164 vivum
691 1126 802 1180 reseco,
814 1119 845 1165 ut
859 1109 911 1181 illi,

124 1203 172 1278 qui
187 1204 250 1260 haec
264 1204 397 1261 subtilius
411 1204 564 1275 disserunt,
580 1204 699 1261 fortasse
713 1222 789 1276 vere,
804 1203 855 1262 sed
876 1204 912 1262 ad

79 1304 110 1353 10
125 1310 308 1358 communem
341 1301 492 1357 utilitatem
525 1318 635 1376 parurn.
676 1299 794 1378 Negant
822 1301 912 1374 enirn,

124 1415 295 1472 quemquam
318 1397 409 1453 virum
433 1395 541 1454 bonurn
565 1414 639 1461 esse,
663 1396 719 1453 nisi
743 1397 911 1472 sapientem.

124 1492 170 1549 Sit
188 1493 229 1549 ita
246 1511 331 1549 sane:
353 1493 403 1549 sed
417 1511 480 1549 earn
495 1492 664 1567 sapientiam
678 1492 912 1568 interpretantur,

124 1606 208 1662 quam
225 1588 318 1644 adhuc
334 1587 460 1643 mortalis
474 1605 559 1644 nemo
573 1596 617 1644 est
631 1597 812 1646 consecutus.
847 1588 878 1645 N
880 1608 914 1646 os

125 1692 220 1739 autem
235 1702 269 1739 ea
282 1702 344 1757 quae
359 1694 425 1739 sunt
440 1683 469 1739 in
483 1702 537 1740 usu
551 1683 665 1758 vitiique
680 1685 837 1756 communi,
853 1704 913 1743 non

79 1783 109 1831 15
125 1797 160 1835 ea
173 1798 235 1853 quae
249 1779 395 1855 finguntur
407 1789 455 1836 aut
465 1789 609 1853 optantur,
621 1792 750 1855 spectare
765 1782 911 1840 debemus.

125 1874 282 1949 Nunquam
297 1895 351 1952 ego
365 1876 470 1947 dicam,
486 1876 520 1933 C.
535 1877 712 1949 Fabricium,
728 1877 769 1934 Μ’
780 1879 913 1951 Curium,

124 1971 173 2028 Ti.
189 1972 415 2044 Coruncanium,
431 1991 502 2047 quos
516 1974 659 2048 sapientes
680 1975 769 2031 nostri
790 1975 913 2051 majores

123 2068 300 2144 judicabant,
317 2070 352 2125 ad
372 2069 489 2126 istorum
504 2089 633 2126 normam
654 2071 741 2127 fuisse
758 2071 911 2145 sapientes.

125 2164 226 2226 Quare
245 2167 299 2222 sibi
321 2167 444 2223 habeant
459 2167 605 2241 supientiae
619 2185 735 2237 nomen,
750 2177 779 2223 et
793 2167 915 2225 invidio·

79 2273 110 2320 20
127 2281 189 2318 sum
203 2272 232 2318 et
246 2263 416 2331 obscurum;
439 2263 668 2337 concedantque,
684 2273 715 2319 ut
734 2263 762 2320 hi
777 2263 845 2320 boni
861 2264 914 2321 viri

127 2358 239 2416 suerint.
282 2358 329 2414 Ne
350 2359 378 2415 id
399 2359 513 2433 quidem
536 2358 663 2415 sacient:
693 2360 850 2436 negabunt,
873 2360 912 2433 id,

125 2454 180 2511 nisi
196 2455 326 2528 sapienti,
341 2473 426 2529 posse
440 2455 571 2514 concedi.

165 2552 295 2627 Agamus
307 2551 392 2626 igitur
406 2551 506 2627 pingui
521 2550 663 2622 Minerva,
675 2563 706 2608 ut
721 2553 808 2610 aiunt.
849 2552 913 2615 Qui

126 2646 166 2703 ita
180 2666 210 2703 se
225 2657 337 2723 gerunt,
353 2647 392 2703 ita
406 2647 512 2718 vivunt,
525 2658 667 2704 uteorum
680 2651 817 2723 probetur
831 2649 912 2722 fider,

78 2753 110 2801 25
127 2745 284 2820 integritas,
300 2743 427 2817 inquitas,
442 2743 607 2815 liberalitas,
619 2764 674 2802 nec
688 2746 726 2802 sit
740 2745 768 2801 in
783 2745 839 2801 illis
854 2747 914 2804 ulla

126 2841 278 2915 cupiditas,
293 2839 335 2896 vel
351 2840 451 2911 libido,
466 2840 508 2896 vel
528 2841 657 2911 audacia,
673 2841 785 2915 sintque
807 2843 913 2916 magnb

120 2936 298 3010 constantia,
317 2945 348 2996 ut
368 2935 390 2995 ii
410 2936 536 3008 luerunt,
554 2936 641 2992 modo
660 2955 730 3010 quos
748 2936 911 3007 nominavi;

108 3033 166 3095 bos
181 3037 264 3099 viros
283 3039 395 3114 bonos,
408 3047 443 3099 ut
453 3034 551 3096 babiti
570 3042 651 3104 suut,
660 3032 706 3087 sio
720 3030 809 3087 eiiam
824 3033 920 3103 appel-
