1904 3750
52 253 111 314 nr]
357 243 403 291 nn
425 243 571 292 numerus,
855 231 897 294 a

52 392 223 468 junctioque
251 390 423 464 servabitur,
447 392 482 465 si,
506 392 682 468 utquisque
705 391 760 449 erit
783 407 851 451 oon·

51 489 265 565 junctissimus,
288 487 329 546 itu
349 489 382 546 in
401 508 467 546 eum
489 488 675 566 benignitatis
694 488 850 565 plurimum

53 587 232 646 conferetur.
274 584 345 657 Sed,
357 603 422 659 quae
432 585 535 643 nuturri
549 586 692 662 principia
704 587 762 642 sint
773 605 851 643 oom-

53 683 205 741 munitatis
226 691 256 739 et
276 681 426 740 societatis
447 683 590 754 humanm,
610 683 798 758 repetendum
813 682 851 739 nl·

53 781 108 838 tius
122 779 249 837 viderur.
291 777 348 836 Eut
367 777 445 835 enim
467 778 601 854 primum,
623 779 697 853 qnod
721 779 879 845 cernitur5

54 877 82 935 in
95 875 227 934 universi
241 874 360 952 generis
373 873 491 932 humani
505 876 660 933 societate:
681 875 743 952 ejus
755 886 851 933 nutem

53 973 204 1031 vinculum
232 981 277 1029 est
306 971 383 1029 ratio
410 981 439 1028 et
465 971 575 1040 orati03
607 990 680 1045 quae,
707 972 850 1044 docendo,

54 1069 204 1140 diruendo,
212 1067 469 1140 communicando,
477 1067 676 1143 disceptando,
685 1067 850 1143 judicando,

56 1166 194 1226 conciliat
209 1165 284 1223 inter
299 1183 332 1222 se
347 1163 487 1232 hominen,
502 1164 711 1240 eonjungitque
728 1162 852 1221 naturali

54 1264 180 1340 qnidam
194 1263 348 1320 societate.
390 1260 493 1335 Neque
514 1261 574 1318 ulli
592 1278 624 1317 re
641 1259 756 1336 longius
772 1259 898 1315 abun-10

55 1379 117 1418 mus
138 1379 157 1417 a
171 1359 277 1417 nutum
302 1358 438 1429 ferarum,
453 1357 483 1415 in
502 1358 607 1432 quibus
629 1356 724 1414 inesse
743 1355 853 1413 sortitu·

56 1457 154 1515 dinem
179 1474 256 1533 saepe
277 1454 414 1525 dicimus,
435 1453 517 1512 utin
538 1454 628 1529 equis,
650 1454 680 1511 iu
700 1452 850 1524 leonibuu3

55 1553 205 1629 justitiam,
228 1552 407 1627 aequitatem,
433 1551 602 1622 bonitatem,
630 1570 689 1609 non
717 1551 850 1610 dicimus.

58 1651 131 1708 Sunt
145 1649 224 1707 enim
237 1647 362 1706 rationis
375 1656 405 1704 et
418 1648 556 1706 orationis
570 1658 708 1723 expertes.

94 1748 143 1806 Ao
165 1745 310 1804 latissime
333 1743 448 1817 quidem
472 1754 574 1819 patens
594 1745 758 1802 hominibus
777 1744 851 1802 inter
866 1755 898 1806 15

59 1841 143 1919 ipsos,
158 1842 297 1900 omnibus
313 1839 387 1898 inter
401 1856 513 1912 omnes,
524 1841 648 1898 societas
662 1842 725 1900 haeo
739 1851 799 1911 est;
821 1840 851 1899 in

58 1942 112 2016 qui
127 1939 260 1997 omnium
282 1955 391 2008 rerum,
407 1955 477 2012 quas
500 1937 535 1994 ad
560 1956 742 1996 communem
764 1938 853 2001 homi·

59 2055 127 2095 uum
140 2054 228 2094 usum
241 2043 348 2092 natura
361 2033 472 2110 genuit,
483 2043 527 2091 est
541 2035 681 2092 servanda
694 2034 854 2093 communi·

60 2143 119 2204 tun3
141 2142 184 2204 nt,
200 2151 264 2208 quae
279 2130 426 2205 desoriptu
439 2140 506 2188 sunt
519 2130 631 2207 legibus
644 2140 674 2187 et
685 2131 749 2207 jure
764 2128 853 2200 civili,

61 2229 121 2287 haeu
135 2230 179 2287 ita
198 2236 364 2300 teneantur,
379 2236 411 2284 ut
433 2226 470 2284 sit
492 2227 696 2285 constitutum:
718 2224 854 2298 equibus
868 2241 900 2291 m

62 2325 129 2401 ipsis
152 2335 261 2383 oaetera
288 2323 333 2381 uio
357 2324 554 2394 observentur,
576 2332 609 2380 ut
633 2323 662 2379 iu
685 2322 854 2378 Graecorum

62 2423 213 2496 proverbio
227 2430 282 2493 est,
297 2420 500 2478 “Amicorum
522 2438 585 2477 esse
608 2418 707 2477 omnia
728 2435 856 2474 commu·

64 2519 138 2576 niv’
173 2517 284 2575 Omnia
299 2525 393 2574 autem
416 2515 582 2574 eommunia
594 2514 744 2572 hominum
759 2512 856 2570 viden·

64 2624 107 2672 tur
129 2633 175 2687 en,
189 2633 253 2690 quae
275 2624 345 2671 sunt
365 2613 480 2692 generis
504 2613 576 2690 ejus,
591 2604 679 2687 quod,
702 2611 737 2669 ub
757 2609 855 2668 Ennio

65 2712 188 2787 positum
202 2711 232 2769 irr
247 2710 308 2769 uni
321 2727 364 2782 ro,
379 2710 526 2769 transferri
541 2710 571 2769 in
585 2707 690 2766 multas
703 2715 807 2784 potest.
869 2717 901 2769 25

125 2862 142 2890 “
152 2859 247 2920 Homo,
258 2857 301 2921 qui
311 2857 403 2907 erranti
415 2857 519 2906 comiter
528 2861 651 2906 monstrnt
662 2855 738 2916 vium,

151 2939 232 2998 Quoi
243 2937 331 2987 lumen
342 2938 372 2986 de
384 2952 430 2986 uuo
441 2937 536 2988 lumine
548 2936 678 3000 accendet,
687 2935 765 2986 iuuit.

146 3019 320 3071 Nffihminm
328 3020 378 3088 ipsi
389 3020 471 3092 lueet,
481 3039 545 3079 oum
554 3021 594 3078 iili
604 3021 778 3078 ermonem?
