1904 3750
216 271 354 332 umarus,
375 271 450 318 srva
471 270 515 318 nn
537 271 694 319 surorum.
840 258 898 320 1⁰8

57 418 222 494 perniciosa
242 419 289 492 sit,
303 438 411 478 nocere
432 429 529 478 tamen
545 418 655 477 nemini
676 427 780 495 potest,
794 416 851 477 uisi

57 514 86 572 ei
99 515 149 591 qui
163 535 227 573 eam
247 517 360 592 recipit,
377 526 461 592 atque
482 517 518 574 ea
536 516 704 573 delectatur.
746 514 793 572 Ita
806 515 849 588 fit,

58 621 91 669 ut
109 612 134 668 is
155 614 380 672 assentatoribus
401 613 558 688 patefaciat
580 631 663 670 aures
684 631 751 670 suaa
774 631 852 671 max·

59 707 126 779 ime,
141 708 191 783 qui
215 709 276 784 ipse
299 709 355 768 sibi
374 719 544 782 assentetur,
559 718 589 766 et
606 729 637 767 se
651 709 775 767 maxime
790 709 851 787 ipse

59 803 192 863 delectet.
846 810 881 877 ,5

98 900 228 959 Omnino
241 913 285 960 est
297 922 395 961 amans
409 903 454 962 sui
469 903 574 961 virtus:
595 903 703 979 optime
721 903 799 961 enirn
819 921 851 961 se

59 997 121 1074 ipsa
134 999 213 1056 novit
221 1019 229 1070 ;
250 1018 392 1075 quamque
404 1000 535 1057 amabilis
548 1001 595 1072 ait,
611 999 754 1076 iutelligit.
785 999 851 1077 Ego

59 1103 155 1149 autem
169 1113 227 1151 uon
242 1095 278 1151 de
292 1096 398 1154 virtute
408 1115 486 1153 nunc
501 1095 610 1171 loquor,
622 1095 672 1152 sed
687 1095 724 1153 de
738 1096 851 1154 virtutis

57 1189 210 1265 opinione:
232 1191 335 1248 virtute
356 1192 433 1249 enim
455 1193 517 1267 ipsd
530 1211 590 1249 non
604 1201 663 1248 tam
684 1192 767 1249 multi
780 1210 851 1267 prae·

58 1286 111 1342 diti
142 1306 215 1358 esse,
240 1307 324 1362 quam
355 1288 456 1359 rideri,
480 1289 586 1346 volunt.
636 1287 699 1344 Hos
726 1287 896 1344 delectatio

58 1384 230 1440 assentatio:
265 1384 310 1441 his
343 1384 428 1441 lictus
457 1384 492 1441 ad
520 1385 646 1459 ipsorum
674 1384 851 1442 voluntatem

56 1497 151 1537 sermo
176 1498 244 1537 cum
268 1480 429 1552 adhibetur,
455 1482 615 1539 orationem
641 1481 720 1538 illam
747 1499 850 1538 vanam

56 1576 253 1635 testimonium
267 1596 330 1635 esse
344 1578 461 1636 laudum
475 1597 591 1636 suarum
605 1588 716 1653 putant.
758 1576 850 1637 Nulla

57 1682 101 1730 est
116 1671 203 1748 igitur
218 1673 281 1730 haec
303 1674 440 1746 amicitia,
456 1692 523 1731 cum
544 1674 614 1731 alter
635 1693 734 1732 verum
750 1674 850 1732 audire

58 1786 118 1825 nou
131 1769 200 1840 vult,
216 1770 287 1827 alter
302 1769 337 1828 ad
351 1771 547 1829 mentiendum
560 1780 676 1846 paratus
691 1781 741 1830 est.
783 1772 848 1831 Nec
864 1777 895 1826 15

57 1865 248 1940 parasitorum
268 1866 298 1924 iu
319 1867 470 1924 comoediis
484 1868 640 1925 assemano
653 1869 738 1926 nobis
753 1869 848 1929 saceta

58 1960 211 2033 videretur,
225 1961 281 2020 nisi
295 1945 392 2021 essent
402 1962 512 2022 Milites
526 1964 662 2022 Gloriosi.

152 2110 169 2138 ‘⁴
181 2107 289 2172 Magnas
300 2124 360 2158 vero
371 2124 445 2174 agere
456 2109 549 2174 matius
560 2109 639 2157 'Phara
650 2109 712 2158 mihi
721 2110 753 2158 ?’'

57 2240 136 2300 Satis
149 2252 211 2300 erat
224 2244 408 2320 respondere,
430 2250 449 2278 “
459 2243 583 2321 Magnas
593 2264 599 2301 :
610 2245 626 2272 ''
649 2249 669 2277 “
679 2240 846 2320 Ingentes,'’

58 2339 158 2415 inquit
210 2341 330 2418 Semper
353 2351 439 2418 auget
461 2351 620 2399 assentator
644 2341 683 2414 id,
709 2342 785 2416 quod
813 2341 847 2414 is,
861 2353 893 2403 20

57 2436 141 2513 cujus
155 2437 192 2494 ad
212 2437 387 2496 voluntatem
409 2436 526 2510 dicitur,
544 2438 604 2496 vult
624 2456 687 2495 esse
702 2457 847 2515 maguum.

55 2531 267 2605 Quamobrem,
289 2532 419 2608 quamvis
440 2533 546 2591 blanda
568 2534 623 2591 ista
643 2535 754 2591 vanitas
773 2534 848 2610 apud

56 2646 109 2686 eos
130 2627 231 2703 valeat,
251 2629 302 2704 qui
322 2629 377 2707 ipsi
398 2629 476 2689 illam
504 2630 640 2688 allectant
660 2640 689 2688 et
709 2630 849 2705 inritant;

56 2735 155 2783 tamen
178 2724 265 2782 etiam
285 2725 431 2802 graviores
458 2727 724 2803 constantioresque
752 2727 849 2784 admo-

55 2821 146 2883 nendi
173 2830 250 2893 sunt,
275 2831 306 2879 ut
338 2823 465 2880 animum
493 2824 650 2896 advertant,
678 2843 715 2881 ue
742 2823 892 2902 callidi&

57 2919 252 2978 assentatione
267 2918 427 2997 capiantur.
468 2919 579 2998 Aperte
594 2920 672 2978 euim
683 2920 850 2979 adulantem
870 2980 875 2988 ,
896 2981 900 2991 ,

57 3033 145 3076 nemo
158 3034 218 3077 non
241 3015 329 3093 ridet,
342 3015 401 3079 nisi
424 3016 477 3098 qui
498 3017 666 3081 admodum
682 3025 737 3075 en.
752 3025 886 3073 ennam
