1904 3750
319 275 363 322 nn
381 273 585 322 sannorum.
853 259 893 319 25

57 423 118 482 lum
139 433 223 482 aetate
242 422 387 500 progressi
408 421 642 493 adolescentiam,
660 421 786 480 debeant
804 437 847 480 ra·

59 521 181 596 quirere.
236 520 346 579 Cursus
366 528 411 577 est
431 527 527 577 certus
551 518 653 591 aetatis,
674 527 703 577 et
723 537 782 576 une
800 517 848 576 via

57 627 178 689 naturae,
207 634 297 692 eaque
332 616 469 692 simplex:
504 634 614 692 suaque
641 615 746 691 cuique
772 615 848 690 parti

58 715 151 772 atatis
171 713 377 789 tempestivitas
397 723 442 770 est
461 713 544 784 data;
579 721 611 770 ut
639 720 669 769 at
696 710 847 770 infirmitas

58 829 223 886 puerorum,
237 821 267 869 et
288 810 423 868 ferocitas
433 810 582 886 juvenum,
596 818 626 867 et
645 808 770 885 gravitas
787 808 847 884 jam
862 824 878 872 5

59 908 219 965 constantis
240 908 341 978 aetatia,
362 917 392 963 et
412 906 569 965 senectutis
588 906 747 976 maturitas,
766 915 848 964 natu·

59 1005 118 1061 rele
133 1004 272 1080 quiddam
292 1005 407 1076 habeat,
422 1003 499 1079 quod
519 1020 573 1060 suo
587 1011 717 1078 ternpore
736 1001 847 1078 percipi

60 1101 172 1159 debeat.

99 1197 231 1256 Arbitror
246 1209 274 1254 te
289 1196 398 1269 audire,
414 1196 524 1272 Scipio,
540 1195 644 1270 hospes
664 1204 731 1252 tuns
746 1194 846 1266 avitus,

60 1293 224 1366 Masinissa,
246 1314 309 1370 quae
339 1293 425 1352 faciat
453 1293 549 1364 hodie,
578 1292 737 1368 nonaginta
758 1309 848 1348 annos
864 1292 895 1342 1⁰

59 1401 160 1448 natus:
183 1410 250 1449 cum
265 1391 411 1467 ingressus
432 1389 485 1447 iter
498 1388 622 1465 pedibus
636 1388 682 1460 sit,
697 1387 728 1445 in
742 1406 848 1462 equum

59 1488 179 1544 omnino
203 1506 261 1544 non
287 1487 479 1557 adscendere3
509 1505 576 1544 cum
601 1503 686 1560 equo,
710 1503 747 1543 ex
773 1503 848 1560 equo
891 1480 895 1505 l

59 1602 118 1641 non
152 1583 345 1654 descenderc;
379 1582 460 1641 nullo
494 1583 596 1655 imbre,
627 1581 708 1640 nullo
742 1581 849 1658 frigore

61 1680 176 1752 adduci,
191 1690 222 1738 ut
237 1681 331 1756 capite
345 1690 446 1756 operto
461 1680 514 1751 sit3
536 1698 677 1737 summam
691 1678 848 1736 incoasse

61 1776 190 1851 corporis
204 1776 382 1848 siccitatem;
404 1777 501 1852 itaque
522 1775 640 1851 exsequi
660 1775 759 1833 omnia
772 1776 849 1852 regis
865 1783 895 1832 15

60 1873 157 1930 officia
177 1882 205 1929 et
225 1893 353 1931 munera.
402 1873 503 1930 Potest
522 1873 609 1949 igitur
630 1871 799 1929 exercitatio
820 1881 849 1928 et

60 1970 258 2046 temperantia,
292 1971 380 2027 etiam
414 1969 444 2027 in
481 1977 641 2040 senectute,
677 1986 849 2026 conservare

61 2067 169 2142 aliquid
183 2066 297 2143 pristini
312 2065 433 2124 roboris.

100 2259 154 2318 XI.
196 2259 266 2317 Non
287 2269 354 2316 sunt
368 2258 398 2316 in
412 2266 562 2314 senectute
575 2254 670 2313 viresl
691 2254 721 2312 N
723 2274 739 2312 e
753 2264 838 2330 postu

59 2357 155 2415 lentur
169 2357 286 2432 quidem
300 2355 375 2413 vires
396 2374 413 2412 a
433 2362 591 2412 senectute.
632 2351 722 2428 Ergo,
737 2361 766 2408 et
779 2351 850 2428 legi·
864 2365 896 2413 20

60 2454 115 2512 bus
129 2462 158 2509 et
172 2452 318 2523 institutis,
330 2461 414 2509 vacat
428 2460 496 2508 aetas
510 2459 608 2507 nostra
622 2448 789 2506 muneribus
804 2447 848 2519 iis,

61 2569 126 2624 quae
147 2567 206 2606 non
226 2558 347 2624 possunt
367 2548 431 2605 sine
451 2547 559 2605 viribus
579 2545 730 2605 sustineri:
753 2544 849 2618 itaque

61 2665 120 2703 non
134 2646 231 2717 modo,
247 2646 324 2720 quod
338 2663 397 2702 non
417 2663 580 2720 possumus,
594 2643 645 2701 sed
659 2661 697 2700 ne
711 2650 850 2717 quantum

59 2762 212 2818 possumus
226 2741 353 2817 quidem,
368 2742 508 2817 cogimur.

100 2840 141 2897 At
162 2838 202 2895 ita
221 2837 305 2895 multi
325 2845 392 2893 sunt
412 2835 551 2893 imbecilli
571 2853 665 2906 senes,
686 2843 718 2892 ut
738 2833 849 2892 nullum
864 2851 896 2901 25

61 2935 149 2994 officii
171 2944 220 2992 aut
240 2932 360 2991 omnino
380 2932 445 2990 vitae
465 2951 570 2991 munus
589 2929 707 3005 exsequi
728 2930 847 3006 possint.

38 3032 102 3090 ·At
135 3033 165 3091 id
192 3029 310 3107 quidem
343 3048 405 3090 non
437 3029 594 3108 proprium
625 3024 796 3086 senectute
827 3030 880 3071 est

296 3129 318 3186 3
