1904 3750
73 206 129 265 170
406 213 448 257 ns
471 212 616 258 osricus.
810 186 906 272 [rlm.

115 361 251 419 malitiosi
277 371 352 419 sunt.
407 362 528 419 Nullum
556 362 642 439 igitur
670 362 777 419 facturn
803 380 904 419 eorum

114 467 210 534 potest
229 457 300 515 utile
320 477 393 530 esse,
409 477 476 516 cum
497 459 533 516 sit
553 468 597 515 tot
616 458 693 516 vitiis
714 457 903 533 inquinatum.

154 650 221 708 XV.
243 651 332 713 Quod
347 651 370 708 si
384 651 553 726 Aquilliana
572 651 702 708 definitio
722 670 788 709 vera
802 662 855 724 est,
870 671 906 710 ex

115 747 195 803 omni
209 747 267 804 vital
281 747 426 806 simulatio
447 747 691 821 dissimulatioque
711 747 839 806 tollenda
852 758 904 806 est.

85 843 161 900 alta
180 863 245 914 nec,
267 854 299 901 ut
319 853 395 900 emat
417 844 529 914 melius,
549 863 615 914 noc,
637 854 669 901 ut
689 844 804 915 vendat,
825 845 906 920 quid-

116 959 200 1014 quam
222 940 368 996 simulabit
388 950 436 997 aut
451 939 641 996 dissimulabit
655 941 696 996 vir
711 941 811 998 bonus.
853 941 905 998 At·

115 1056 170 1111 que
191 1036 245 1093 iste
266 1036 349 1094 dolus
369 1037 461 1094 malus
482 1036 570 1093 etiam
593 1036 707 1112 legibus
733 1048 795 1094 erat
814 1037 906 1094 vindi·

116 1143 208 1203 catus,
230 1142 262 1190 ut
282 1133 372 1190 tutela
398 1132 460 1190 XII
488 1132 603 1203 tabulis,
625 1142 654 1189 et
674 1133 905 1208 circumscriptio

117 1229 343 1286 adolescentium
364 1229 428 1304 lege
449 1228 590 1298 Laetorid3
612 1238 650 1299 et,
665 1228 728 1285 sine
745 1228 817 1304 lege,
830 1228 906 1303 judi·

71 1325 179 1396 luciis,
202 1325 231 1382 in
253 1325 357 1399 quibus
379 1325 501 1397 additur,
516 1331 580 1382 “ex
601 1325 657 1382 lide
678 1325 782 1382 bont.’'
824 1324 906 1383 Reli·

117 1441 237 1496 quorum
260 1432 356 1478 autern
380 1421 558 1497 judiciorum
584 1421 648 1478 haec
669 1422 755 1478 verba
781 1422 906 1478 maxime

116 1517 277 1586 excellunt;
313 1517 342 1573 in
379 1518 495 1576 arbitrio
531 1517 573 1573 rei
610 1518 727 1588 uxoriae,
764 1523 783 1550 “
792 1518 904 1590 melius,

117 1613 266 1688 aequius:’'
302 1614 331 1671 in
359 1614 476 1685 fiduciis,
504 1619 564 1670 “ut
599 1614 673 1670 inter
707 1614 798 1671 bonos
831 1615 905 1671 benc

117 1708 223 1784 agier.''
265 1708 347 1770 Quid
369 1711 457 1786 ergol
479 1718 527 1766 aut
548 1709 577 1765 in
598 1728 644 1780 eo,
665 1709 741 1783 quod
763 1709 904 1781 “melius,

72 1814 102 1863 15
117 1805 254 1879 aequius,'’
277 1816 371 1880 potest
391 1806 450 1863 ulla
475 1825 540 1881 pars
568 1805 662 1862 inesse
690 1805 818 1862 fraudisl
846 1816 904 1875 aut,

117 1920 183 1958 cum
208 1901 323 1971 dicitur,
346 1901 448 1959 “inter
476 1903 566 1959 bonos
593 1902 667 1958 bene
696 1901 802 1977 agier,”
825 1901 904 1976 quid·

118 2018 202 2072 quam
224 1998 269 2074 agi
291 1999 391 2055 dolose
412 2008 460 2055 aut
481 1997 623 2055 malitiose
648 2000 762 2073 potestl
813 1998 906 2055 Dolus

119 2107 213 2152 autem
235 2096 327 2152 malus
347 2095 540 2166 simulatione,
562 2105 593 2151 ut
614 2095 654 2152 ait
667 2095 822 2168 Aquillius,
838 2113 906 2151 con-

118 2191 232 2248 tinetur.
274 2190 448 2248 Tollendum
471 2200 514 2247 est
535 2190 621 2266 igitur
642 2208 676 2246 ex
695 2191 781 2246 rebus
795 2201 907 2247 contra·

72 2287 220 2346 20hendis
254 2305 339 2343 omne
373 2285 565 2342 mendacium.
627 2285 697 2342 Non
734 2285 905 2342 licitatorem

118 2383 259 2452 venditor,
287 2400 352 2452 nec,
374 2382 423 2456 qui
450 2391 552 2438 contra
578 2400 609 2438 se
636 2381 767 2451 licitatur,
795 2395 907 2456 emptor

120 2489 258 2554 apponet:
293 2487 423 2551 uterque,
451 2477 475 2534 si
504 2477 539 2533 ad
567 2477 758 2551 eloquendum
786 2479 905 2548 venerit,

118 2593 176 2630 non
210 2575 284 2648 plus,
312 2592 397 2647 quarn
431 2573 529 2645 semel,
560 2573 715 2647 eloquetur.
776 2572 907 2632 Quintus

119 2671 233 2745 quidem
256 2670 395 2739 Scaevola,
417 2669 448 2725 P.
471 2668 556 2740 lilius,
579 2687 645 2726 cum
672 2667 853 2744 postuldsset,
876 2679 907 2727 ut

14 2784 17 2789 ·
72 2767 174 2823 25sibi
201 2766 315 2838 fundus,
340 2765 423 2839 cujus
449 2777 560 2840 emptor
587 2775 658 2836 erat,
683 2765 770 2821 semel
799 2765 908 2823 indica·

107 2871 200 2932 retur,
216 2862 305 2939 idque
320 2861 451 2918 venditor
467 2861 507 2918 ita
521 2861 653 2929 fecisset;
675 2860 757 2930 dixit,
772 2880 802 2918 se
817 2862 908 2937 pluris

96 2958 273 3022 estimare:
309 2960 427 3021 addidit
454 2967 572 3020 centum
595 2956 695 3015 millia.
734 2957 827 3015 Nemo
853 2968 908 3030 est,

194 3224 223 3252 k
