1904 3750
319 282 363 329 on
381 281 585 329 snuncvurn.
859 269 899 332 83

56 431 167 508 geratio
194 440 302 503 aestate,
330 440 359 489 et
386 429 514 489 vicissim
542 438 590 487 aut
616 429 659 487 sol
688 438 737 487 aut
770 427 847 506 ignis

56 527 212 586 hibernus:
234 547 296 602 quae
308 527 423 601 quidem
438 527 468 583 in
483 526 600 583 Sabinis
613 525 700 582 etiam
713 525 847 602 persequi

56 624 145 696 soleo,
155 623 376 698 conviviumque
386 622 547 680 vicinorum
558 622 687 698 quotidie
696 622 845 697 compleo;

57 719 134 794 quod
157 719 193 775 ad
214 718 334 775 multam
355 727 483 789 noctem,
498 736 583 793 quam
602 717 727 775 maxime
747 736 847 794 possu-

57 834 131 887 mus,
145 815 225 872 vario
239 832 371 872 sermone
384 813 579 889 producimus.
860 831 877 880 5

97 913 138 968 At
158 929 217 968 non
231 919 275 968 est
288 910 466 985 voluptatum
486 918 567 966 tanta
581 909 662 983 quasi
675 909 803 969 titillatio
816 909 847 968 in

57 1008 184 1066 senibus.
225 1007 339 1065 Credo:
373 1005 424 1063 sed
451 1024 488 1062 ne
516 1005 689 1064 desideratio
721 994 873 1083 quidem*

57 1103 140 1162 Nihil
169 1113 264 1162 autem
298 1103 460 1173 molestum,
489 1101 565 1177 quod
598 1120 658 1159 non
691 1102 845 1161 desideres.

57 1201 138 1259 Bene
159 1199 330 1276 Sophocles,
345 1216 412 1255 cum
433 1217 469 1255 ex
482 1197 656 1273 ecquidem,
668 1198 728 1274 jam
743 1197 847 1256 affecto

58 1305 152 1368 aetate,
185 1304 334 1371 quaereret,
376 1303 541 1352 utereturne
578 1294 664 1352 rebus
697 1294 847 1352 venereis?
861 1298 893 1350 10

58 1392 139 1450 “Dii
158 1392 318 1450 melioral'’
348 1390 457 1466 inquit:
489 1389 640 1448 “libenter
661 1408 729 1449 vero
749 1391 846 1464 istinc,

57 1500 204 1563 tamquam
224 1486 372 1545 adomino
394 1485 499 1564 agresti
513 1504 548 1544 ao
568 1486 686 1559 furioso,
700 1487 845 1565 profugi.'’

58 1583 181 1660 Cupidis
191 1583 269 1640 enim
283 1601 379 1640 rerum
392 1581 493 1640 talium
507 1581 638 1641 odiosum
652 1591 682 1640 et
694 1583 848 1642 molestum

58 1689 103 1736 est
122 1680 242 1737 fortasse
263 1696 378 1736 carere:
399 1677 511 1737 satiatis
530 1696 598 1737 vero
618 1687 647 1737 et
667 1679 788 1755 expletis
804 1679 849 1756 ju-

59 1774 184 1832 cundius
203 1783 248 1832 est
267 1791 376 1845 carere,
397 1791 483 1849 quam
503 1773 575 1832 frui:
606 1793 769 1850 quanquam
788 1793 848 1832 non
863 1778 894 1829 15

59 1879 140 1928 caret
153 1870 187 1942 is,
202 1869 324 1947 quinon
338 1869 490 1927 desiderat.
532 1868 611 1947 Ergo
632 1870 687 1929 hcc
700 1889 760 1929 non
774 1870 849 1930 desi·

59 1968 170 2038 derare,
184 1967 252 2025 dico
266 1985 329 2024 esse
349 1965 517 2042 jucundius,
532 1983 618 2040 quam
631 1966 697 2024 frui.

74 2053 188 2126 ,J'Quod
219 2063 244 2120 si
271 2062 333 2120 istis
360 2061 429 2137 ipsis
455 2061 649 2136 voluptatibus
676 2063 754 2122 bona
780 2073 849 2122 aetae

59 2160 163 2219 fruitur
177 2158 329 2229 libentius3
349 2157 474 2233 primum
494 2157 620 2232 parvulis
634 2158 736 2218 fruitur
750 2159 847 2231 rebus,

59 2266 92 2314 ut
105 2256 246 2312 diximus:
268 2254 373 2311 deinde
394 2253 440 2318 iis,
455 2252 559 2328 quibus
579 2263 723 2326 senectus,
744 2255 849 2312 sinon
863 2259 896 2311 vo

60 2352 175 2412 abunde
188 2351 306 2427 potitur,
318 2368 378 2407 non
389 2348 508 2407 omnino
519 2359 607 2407 caret.
647 2349 687 2408 Ut
696 2350 849 2426 Turpione

59 2448 197 2507 Ambivio
217 2446 310 2524 magis
330 2445 500 2518 delectatur,
520 2445 570 2522 qui
591 2445 621 2503 in
640 2446 733 2522 primu
761 2446 850 2507 cavet

59 2553 188 2621 spectat3
210 2543 369 2600 delectatur
389 2551 497 2614 tamen,
518 2541 606 2600 etiam
619 2542 668 2618 qui
688 2542 719 2601 in
737 2543 849 2615 ultimd,

59 2643 104 2700 sic
119 2639 324 2710 adolescentia,
337 2637 498 2713 voluptates
510 2657 600 2714 prope
620 2639 745 2712 intuens,
759 2639 852 2716 magia

61 2740 183 2798 fortasse
201 2736 331 2794 letatur:
353 2733 404 2792 sed
424 2734 585 2792 delectatur
604 2735 692 2793 etiam
705 2745 851 2810 senectus,
865 2743 899 2796 ut

59 2835 161 2914 procul
177 2851 227 2891 eas
240 2840 385 2907 spectans,
399 2838 522 2902 tantum,
536 2841 675 2907 quantum
688 2842 733 2891 sat
746 2841 798 2890 est.

99 2932 142 2989 At
156 2927 315 3006 illaquanti
329 2935 405 2998 sunt,
417 2925 555 2999 animum,
566 2937 712 3004 tamquam
725 2929 854 2989 emeritis
878 2966 881 2971 -

59 3026 214 3104 stipendiis
249 3023 392 3096 libidinis,
430 3023 614 3098 ambitionis,
654 3021 885 3084 contenderim
