1904 3750
53 234 152 297 'naun
353 235 396 282 un
418 235 562 282 osricus.
841 223 898 282 165

51 405 184 445 -aunonae
206 382 344 453 caritate3
366 384 391 440 si
405 383 480 440 idem
502 382 584 454 sciat,
600 383 761 458 complures
779 400 850 439 mer·

51 493 173 542 catores
196 480 374 537 Alexandrid
394 481 521 552 solvisse,
539 498 681 554 navesque
702 480 731 536 iu
753 498 848 552 cursu,

58 578 206 637 frumento
234 586 361 646 onustas,
388 586 519 651 petentes
552 575 701 646 Rhodum,
730 576 847 646 viderit;

58 675 230 733 dicturusne
263 673 300 730 sit
327 673 355 728 id
389 672 523 743 Rhodiis,
552 691 588 729 an
617 673 732 729 silentio
766 692 849 729 suum

51 790 144 848 quam
154 771 281 846 plurimo
292 769 476 826 venditurust
518 769 684 843 Sapientem
698 780 727 827 et
740 770 848 826 bonum
862 773 879 820 5

52 869 151 925 'virum
179 867 331 942 fingimus:
360 866 396 921 de
416 865 477 940 ejus
504 865 711 922 deliberatione
731 877 760 922 et
781 884 849 923 con-

40 964 216 1022 .·sultati0ne
237 962 399 1037 quaerimus,
414 962 463 1035 qui
484 962 628 1019 celaturus
644 961 774 1020 Rhodios
788 982 847 1020 non

58 1061 107 1131 sit,
128 1059 153 1116 si
174 1059 203 1116 id
224 1069 309 1134 turpe
326 1058 454 1134 judicet3
483 1058 533 1114 sed
554 1056 675 1128 dubitet,
697 1066 779 1132 turpe
799 1058 846 1130 sit,

59 1173 96 1214 an
111 1175 169 1212 non
184 1156 229 1212 sit.

98 1250 134 1309 In
149 1251 313 1326 hujusmodi
327 1250 432 1322 causis,
449 1249 526 1306 aliud
546 1249 672 1326 Diogeni
687 1249 847 1324 Babylonio
863 1252 894 1300 1⁰

56 1346 152 1406 videri
172 1348 255 1419 solet,
271 1367 375 1423 magno
395 1356 424 1404 et
444 1347 525 1424 gravi
544 1348 656 1418 Stoico,
673 1346 750 1403 aliud
764 1346 848 1403 Anti·

56 1454 152 1522 patro,
168 1443 310 1519 discipulo
331 1443 401 1519 ejus,
417 1443 527 1499 homini
549 1443 722 1500 acutissimo.
764 1443 848 1500 Anti·

56 1551 152 1618 patro,
172 1540 272 1597 omnia
290 1539 500 1615 patefacienda,
520 1550 553 1598 ut
572 1559 609 1597 ne
629 1541 697 1616 quid
718 1541 847 1613 omnino,

58 1637 138 1712 quod
158 1636 289 1693 venditor
310 1634 397 1706 ndrit,
418 1646 529 1711 emptor
552 1636 682 1714 ignoret:
710 1637 847 1714 Diogeni,

58 1732 249 1803 venditorem,
264 1732 405 1806 qudtenus
423 1732 487 1807 jure
507 1733 584 1790 civili
599 1735 787 1791 constitutum
801 1735 848 1807 sit,
862 1737 894 1786 15

59 1828 159 1886 dicere
173 1827 242 1885 vitia
255 1836 404 1902 oportere:
426 1837 530 1884 cetera
543 1827 606 1884 sine
620 1828 732 1887 insidiis
747 1848 846 1906 agere:

58 1933 99 1994 et,
112 1924 248 1999 quoniam
268 1924 382 1994 vendat,
398 1924 470 1981 velle
486 1942 571 1998 quam
591 1925 699 1998 optime
713 1926 845 1983 vendere.

57 2020 184 2091 Adverti,
199 2019 326 2095 exposui,
340 2020 433 2076 vendo
454 2038 548 2076 meum
569 2036 627 2076 non
646 2021 746 2095 pluris,
761 2040 846 2094 quam

58 2116 175 2176 ceteri:
204 2117 322 2173 fortasse
342 2116 428 2172 etiam
450 2113 579 2184 minoris,
601 2133 667 2171 cum
692 2116 782 2190 major
803 2124 846 2171 est

58 2213 153 2289 copia
208 2212 264 2270 Cui
298 2211 330 2268 fit
362 2210 485 2286 injuriat
538 2208 673 2266 Exoritur
700 2210 894 2284 Antipatriffl

57 2309 134 2368 ratio
153 2327 191 2366 ex
210 2308 300 2366 alterd
320 2317 417 2383 parte:
438 2305 521 2367 Quid
538 2305 599 2361 uisi
620 2314 661 2376 tu,
676 2324 743 2363 oum
758 2305 848 2363 homi·

58 2405 146 2465 uibus
179 2402 330 2462 consulere
364 2404 478 2472 debeas,
513 2410 542 2457 et
575 2399 681 2456 servire
715 2401 847 2458 humanae

58 2501 202 2569 societati,
227 2501 320 2574 estque
347 2499 412 2575 lege
440 2509 523 2556 natus
550 2497 599 2568 sis,
623 2507 652 2554 et
679 2516 714 2555 ea
741 2497 847 2554 habeas

56 2597 202 2676 principia
224 2606 344 2665 naturae,
366 2595 469 2669 quibus
495 2612 606 2670 parere,
628 2604 658 2650 et
680 2611 742 2670 que
766 2591 847 2666 sequi

58 2695 176 2765 debeas,
202 2702 236 2750 ut
263 2691 371 2748 utilitas
398 2701 448 2748 tua
476 2689 637 2747 communis
664 2689 773 2746 utilitas
800 2688 846 2760 sit,
861 2699 894 2749 25

55 2790 244 2865 vicissimque
272 2786 433 2844 communis
460 2786 568 2844 utilitas
593 2785 713 2856 tussit,
739 2784 849 2842 celabis

55 2887 202 2958 homiues,
218 2883 287 2961 quid
308 2882 344 2940 iis
365 2881 438 2939 adsit
458 2881 671 2941 commoditatis
688 2891 719 2945 et
736 2880 854 2958 copisti

47 2980 263 3062 Llieqroudebit
287 2978 438 3057 Diogenes
464 2978 590 3043 dortsssa
618 2979 680 3056 sic,
705 2978 805 3041 Mtud
829 2983 883 3035 eet
