<?xml version="1.0" encoding="UTF-8"?>
<!DOCTYPE html PUBLIC "-//W3C//DTD XHTML 1.0 Transitional//EN"
    "http://www.w3.org/TR/xhtml1/DTD/xhtml1-transitional.dtd">
<html xmlns="http://www.w3.org/1999/xhtml" xml:lang="en" lang="en">
 <head>
  <title>
</title>
<meta http-equiv="Content-Type" content="text/html;charset=utf-8" />
  <meta name='ocr-system' content='tesseract 3.04.00' />
  <meta name='ocr-capabilities' content='ocr_page ocr_carea ocr_par ocr_line ocrx_word'/>
</head>
<body>
  <div class='ocr_page' id='page_1' title='image "./mtciceronisdeof00dillgoog/mtciceronisdeof00dillgoog_0195.png"; bbox 0 0 1904 3750; ppageno 0'>
   <div class='ocr_carea' id='block_1_1' title="bbox 68 168 919 255">
    <p class='ocr_par' dir='ltr' id='par_1_1' title="bbox 68 168 919 255">
     <span class='ocr_line' id='line_1_1' title="bbox 68 168 919 255; baseline -0.002 -11"><span class='ocrx_word' id='word_1_1' title='bbox 68 183 124 245; x_wconf 81' lang='grc'><strong>188</strong></span> <span class='ocrx_word' id='word_1_2' title='bbox 400 195 443 242; x_wconf 78' lang='lat' dir='ltr'><strong>on</strong></span> <span class='ocrx_word' id='word_1_3' title='bbox 466 194 611 242; x_wconf 74' lang='lat' dir='ltr'><strong>osricus.</strong></span> <span class='ocrx_word' id='word_1_4' title='bbox 668 168 672 177; x_wconf 82' lang='grc'><strong>’</strong></span> <span class='ocrx_word' id='word_1_5' title='bbox 806 190 919 255; x_wconf 52' lang='grc' dir='ltr'><strong>[ηιμ</strong></span> 
     </span>
    </p>
   </div>
   <div class='ocr_carea' id='block_1_2' title="bbox 68 343 901 3018">
    <p class='ocr_par' dir='ltr' id='par_1_2' title="bbox 111 343 900 712">
     <span class='ocr_line' id='line_1_2' title="bbox 140 343 900 420; baseline -0.001 -18"><span class='ocrx_word' id='word_1_6' title='bbox 140 345 248 403; x_wconf 83' lang='lat' dir='ltr'>XXV.</span> <span class='ocrx_word' id='word_1_7' title='bbox 272 345 375 402; x_wconf 81' lang='lat' dir='ltr'><strong>Aeno</strong></span> <span class='ocrx_word' id='word_1_8' title='bbox 396 346 445 402; x_wconf 86' lang='lat' dir='ltr'><strong>illa</strong></span> <span class='ocrx_word' id='word_1_9' title='bbox 465 345 579 420; x_wconf 90' lang='lat' dir='ltr'><strong>quidem</strong></span> <span class='ocrx_word' id='word_1_10' title='bbox 600 343 740 420; x_wconf 88' lang='lat' dir='ltr'><strong>promissa</strong></span> <span class='ocrx_word' id='word_1_11' title='bbox 760 345 900 401; x_wconf 87' lang='lat' dir='ltr'><strong>servanda</strong></span> 
     </span>
     <span class='ocr_line' id='line_1_3' title="bbox 112 441 900 517; baseline -0.004 -18"><span class='ocrx_word' id='word_1_12' title='bbox 112 453 188 514; x_wconf 91' lang='lat' dir='ltr'><strong>sunt,</strong></span> <span class='ocrx_word' id='word_1_13' title='bbox 210 462 273 517; x_wconf 82' lang='lat' dir='ltr'><strong>quae</strong></span> <span class='ocrx_word' id='word_1_14' title='bbox 300 462 356 500; x_wconf 91' lang='lat' dir='ltr'><strong>non</strong></span> <span class='ocrx_word' id='word_1_15' title='bbox 382 452 448 498; x_wconf 92' lang='lat' dir='ltr'><strong>sunt</strong></span> <span class='ocrx_word' id='word_1_16' title='bbox 469 442 504 499; x_wconf 94' lang='lat' dir='ltr'><strong>iis</strong></span> <span class='ocrx_word' id='word_1_17' title='bbox 525 442 595 516; x_wconf 90' lang='lat' dir='ltr'><strong>ipsis</strong></span> <span class='ocrx_word' id='word_1_18' title='bbox 616 441 706 514; x_wconf 87' lang='lat' dir='ltr'><strong>utilia,</strong></span> <span class='ocrx_word' id='word_1_19' title='bbox 727 441 830 516; x_wconf 91' lang='lat' dir='ltr'><strong>quibus</strong></span> <span class='ocrx_word' id='word_1_20' title='bbox 851 441 900 497; x_wconf 87' lang='lat' dir='ltr'><strong>illa</strong></span> 
     </span>
     <span class='ocr_line' id='line_1_4' title="bbox 111 537 900 614; baseline -0.001 -19"><span class='ocrx_word' id='word_1_21' title='bbox 111 539 284 614; x_wconf 79' lang='lat' dir='ltr'>promiseris,</span> <span class='ocrx_word' id='word_1_22' title='bbox 337 539 384 595; x_wconf 89' lang='lat' dir='ltr'><strong>Sol</strong></span> <span class='ocrx_word' id='word_1_23' title='bbox 407 538 581 595; x_wconf 72' lang='lat' dir='ltr'><strong>Phaethonti</strong></span> <span class='ocrx_word' id='word_1_24' title='bbox 602 538 662 594; x_wconf 92' lang='lat' dir='ltr'><strong>filio</strong></span> <span class='ocrx_word' id='word_1_25' title='bbox 684 537 729 612; x_wconf 90' lang='lat' dir='ltr'><strong>(ut</strong></span> <span class='ocrx_word' id='word_1_26' title='bbox 750 537 900 594; x_wconf 84' lang='lat' dir='ltr'><strong>redeamus</strong></span> 
     </span>
     <span class='ocr_line' id='line_1_5' title="bbox 113 631 900 712; baseline -0.005 -20"><span class='ocrx_word' id='word_1_27' title='bbox 113 635 147 692; x_wconf 89' lang='lat' dir='ltr'><strong>ad</strong></span> <span class='ocrx_word' id='word_1_28' title='bbox 176 631 299 712; x_wconf 78' lang='lat' dir='ltr'><strong>fabulas)</strong></span> <span class='ocrx_word' id='word_1_29' title='bbox 328 635 469 692; x_wconf 82' lang='lat' dir='ltr'><strong>facturum</strong></span> <span class='ocrx_word' id='word_1_30' title='bbox 497 653 527 690; x_wconf 90' lang='lat' dir='ltr'><strong>se</strong></span> <span class='ocrx_word' id='word_1_31' title='bbox 555 653 618 690; x_wconf 89' lang='lat' dir='ltr'><strong>esse</strong></span> <span class='ocrx_word' id='word_1_32' title='bbox 651 634 732 703; x_wconf 84' lang='lat' dir='ltr'>dixit,</span> <span class='ocrx_word' id='word_1_33' title='bbox 760 633 900 708; x_wconf 91' lang='lat' dir='ltr'><strong>quidquid</strong></span> 
     </span>
    </p>

    <p class='ocr_par' dir='ltr' id='par_1_3' title="bbox 82 730 900 1191">
     <span class='ocr_line' id='line_1_6' title="bbox 82 730 898 806; baseline 0.004 -22"><span class='ocrx_word' id='word_1_34' title='bbox 82 735 98 784; x_wconf 87' lang='lat'><strong>5</strong></span> <span class='ocrx_word' id='word_1_35' title='bbox 113 732 254 806; x_wconf 64' lang='lat' dir='ltr'><strong>optasset:</strong></span> <span class='ocrx_word' id='word_1_36' title='bbox 275 731 392 806; x_wconf 89' lang='lat' dir='ltr'><strong>optavit,</strong></span> <span class='ocrx_word' id='word_1_37' title='bbox 408 730 481 787; x_wconf 91' lang='lat' dir='ltr'><strong>utin</strong></span> <span class='ocrx_word' id='word_1_38' title='bbox 496 749 611 786; x_wconf 84' lang='lat' dir='ltr'><strong>currum</strong></span> <span class='ocrx_word' id='word_1_39' title='bbox 632 730 721 804; x_wconf 88' lang='lat' dir='ltr'><strong>patris</strong></span> <span class='ocrx_word' id='word_1_40' title='bbox 735 730 898 787; x_wconf 88' lang='lat' dir='ltr'><strong>tolleretur:</strong></span> 
     </span>
     <span class='ocr_line' id='line_1_7' title="bbox 112 826 900 903; baseline -0.001 -20"><span class='ocrx_word' id='word_1_41' title='bbox 112 828 241 884; x_wconf 86' lang='lat' dir='ltr'><strong>sublatus</strong></span> <span class='ocrx_word' id='word_1_42' title='bbox 263 838 322 896; x_wconf 91' lang='lat' dir='ltr'><strong>est;</strong></span> <span class='ocrx_word' id='word_1_43' title='bbox 353 837 438 901; x_wconf 89' lang='lat' dir='ltr'><strong>atque</strong></span> <span class='ocrx_word' id='word_1_44' title='bbox 459 827 587 897; x_wconf 88' lang='lat' dir='ltr'><strong>insanus,</strong></span> <span class='ocrx_word' id='word_1_45' title='bbox 610 826 667 903; x_wconf 69' lang='lat' dir='ltr'><strong>qud</strong></span> <span class='ocrx_word' id='word_1_46' title='bbox 690 826 900 903; x_wconf 52' lang='lat' dir='ltr'><strong>constititjctu</strong></span> 
     </span>
     <span class='ocr_line' id='line_1_8' title="bbox 113 922 899 1000; baseline -0.003 -19"><span class='ocrx_word' id='word_1_47' title='bbox 113 924 240 981; x_wconf 79' lang='lat' dir='ltr'><strong>fulminis</strong></span> <span class='ocrx_word' id='word_1_48' title='bbox 267 923 442 1000; x_wconf 84' lang='lat' dir='ltr'><strong>deflagravit.</strong></span> <span class='ocrx_word' id='word_1_49' title='bbox 482 923 602 984; x_wconf 78' lang='lat' dir='ltr'><strong>Quanto</strong></span> <span class='ocrx_word' id='word_1_50' title='bbox 623 922 724 979; x_wconf 88' lang='lat' dir='ltr'><strong>melius</strong></span> <span class='ocrx_word' id='word_1_51' title='bbox 745 922 847 992; x_wconf 85' lang='lat' dir='ltr'><strong>fuerat,</strong></span> <span class='ocrx_word' id='word_1_52' title='bbox 870 922 899 979; x_wconf 93' lang='lat' dir='ltr'><strong>in</strong></span> 
     </span>
     <span class='ocr_line' id='line_1_9' title="bbox 113 1019 898 1096; baseline 0 -20"><span class='ocrx_word' id='word_1_53' title='bbox 113 1019 180 1091; x_wconf 86' lang='lat' dir='ltr'><strong>hoe,</strong></span> <span class='ocrx_word' id='word_1_54' title='bbox 214 1020 384 1096; x_wconf 92' lang='lat' dir='ltr'><strong>promissum</strong></span> <span class='ocrx_word' id='word_1_55' title='bbox 420 1019 509 1094; x_wconf 89' lang='lat' dir='ltr'><strong>patris</strong></span> <span class='ocrx_word' id='word_1_56' title='bbox 546 1038 603 1076; x_wconf 91' lang='lat' dir='ltr'><strong>non</strong></span> <span class='ocrx_word' id='word_1_57' title='bbox 640 1037 702 1074; x_wconf 86' lang='lat' dir='ltr'><strong>esse</strong></span> <span class='ocrx_word' id='word_1_58' title='bbox 739 1020 898 1076; x_wconf 87' lang='lat' dir='ltr'><strong>serratuml</strong></span> 
     </span>
     <span class='ocr_line' id='line_1_10' title="bbox 113 1115 900 1191; baseline -0.003 -19"><span class='ocrx_word' id='word_1_59' title='bbox 113 1116 205 1186; x_wconf 80' lang='lat' dir='ltr'><strong>Quid,</strong></span> <span class='ocrx_word' id='word_1_60' title='bbox 226 1116 303 1191; x_wconf 91' lang='lat' dir='ltr'><strong>quod</strong></span> <span class='ocrx_word' id='word_1_61' title='bbox 324 1115 457 1172; x_wconf 82' lang='lat' dir='ltr'><strong>Theseus</strong></span> <span class='ocrx_word' id='word_1_62' title='bbox 478 1115 573 1190; x_wconf 84' lang='lat' dir='ltr'><strong>exegit</strong></span> <span class='ocrx_word' id='word_1_63' title='bbox 592 1115 763 1190; x_wconf 88' lang='lat' dir='ltr'><strong>promissum</strong></span> <span class='ocrx_word' id='word_1_64' title='bbox 785 1133 801 1171; x_wconf 85' lang='lat' dir='ltr'><strong>a</strong></span> <span class='ocrx_word' id='word_1_65' title='bbox 821 1115 900 1189; x_wconf 87' lang='lat' dir='ltr'><strong>Nep·</strong></span> 
     </span>
    </p>

    <p class='ocr_par' dir='ltr' id='par_1_4' title="bbox 68 1211 899 1588">
     <span class='ocr_line' id='line_1_11' title="bbox 68 1211 899 1285; baseline -0.002 -17"><span class='ocrx_word' id='word_1_66' title='bbox 68 1219 99 1268; x_wconf 90' lang='lat'><strong>10</strong></span> <span class='ocrx_word' id='word_1_67' title='bbox 114 1215 204 1269; x_wconf 81' lang='lat' dir='ltr'><strong>tunol</strong></span> <span class='ocrx_word' id='word_1_68' title='bbox 255 1211 310 1269; x_wconf 86' lang='lat' dir='ltr'><strong>Cui</strong></span> <span class='ocrx_word' id='word_1_69' title='bbox 333 1230 397 1268; x_wconf 86' lang='lat' dir='ltr'><strong>cum</strong></span> <span class='ocrx_word' id='word_1_70' title='bbox 418 1220 476 1267; x_wconf 88' lang='lat' dir='ltr'><strong>tres</strong></span> <span class='ocrx_word' id='word_1_71' title='bbox 496 1211 657 1285; x_wconf 83' lang='lat' dir='ltr'><strong>optationes</strong></span> <span class='ocrx_word' id='word_1_72' title='bbox 677 1211 831 1285; x_wconf 88' lang='lat' dir='ltr'><strong>Neptunus</strong></span> <span class='ocrx_word' id='word_1_73' title='bbox 852 1211 899 1266; x_wconf 92' lang='lat' dir='ltr'><strong>de-</strong></span> 
     </span>
     <span class='ocr_line' id='line_1_12' title="bbox 112 1305 899 1382; baseline -0.003 -18"><span class='ocrx_word' id='word_1_74' title='bbox 112 1308 211 1378; x_wconf 89' lang='lat' dir='ltr'><strong>disset,</strong></span> <span class='ocrx_word' id='word_1_75' title='bbox 227 1307 334 1382; x_wconf 88' lang='lat' dir='ltr'><strong>optavit</strong></span> <span class='ocrx_word' id='word_1_76' title='bbox 355 1306 501 1362; x_wconf 90' lang='lat' dir='ltr'><strong>interitum</strong></span> <span class='ocrx_word' id='word_1_77' title='bbox 523 1305 682 1381; x_wconf 82' lang='lat' dir='ltr'><strong>Hippolyti,</strong></span> <span class='ocrx_word' id='word_1_78' title='bbox 698 1306 749 1362; x_wconf 89' lang='lat' dir='ltr'><strong>lilii</strong></span> <span class='ocrx_word' id='word_1_79' title='bbox 763 1306 817 1376; x_wconf 86' lang='lat' dir='ltr'><strong>sui,</strong></span> <span class='ocrx_word' id='word_1_80' title='bbox 833 1325 899 1362; x_wconf 86' lang='lat' dir='ltr'><strong>eum</strong></span> 
     </span>
     <span class='ocr_line' id='line_1_13' title="bbox 114 1402 899 1477; baseline 0 -19"><span class='ocrx_word' id='word_1_81' title='bbox 114 1403 138 1458; x_wconf 92' lang='lat' dir='ltr'><strong>is</strong></span> <span class='ocrx_word' id='word_1_82' title='bbox 159 1404 231 1477; x_wconf 86' lang='lat' dir='ltr'><strong>patri</strong></span> <span class='ocrx_word' id='word_1_83' title='bbox 252 1412 401 1476; x_wconf 88' lang='lat' dir='ltr'><strong>suspectus</strong></span> <span class='ocrx_word' id='word_1_84' title='bbox 422 1411 497 1458; x_wconf 90' lang='lat' dir='ltr'><strong>esset</strong></span> <span class='ocrx_word' id='word_1_85' title='bbox 512 1402 547 1457; x_wconf 93' lang='lat' dir='ltr'><strong>de</strong></span> <span class='ocrx_word' id='word_1_86' title='bbox 564 1403 705 1458; x_wconf 69' lang='lat' dir='ltr'><strong>noverea:</strong></span> <span class='ocrx_word' id='word_1_87' title='bbox 726 1421 782 1477; x_wconf 92' lang='lat' dir='ltr'><strong>quo</strong></span> <span class='ocrx_word' id='word_1_88' title='bbox 803 1412 899 1477; x_wconf 90' lang='lat' dir='ltr'><strong>optato</strong></span> 
     </span>
     <span class='ocr_line' id='line_1_14' title="bbox 114 1498 845 1588; baseline 0 -34"><span class='ocrx_word' id='word_1_89' title='bbox 114 1499 273 1572; x_wconf 84' lang='lat' dir='ltr'><strong>impetratu,</strong></span> <span class='ocrx_word' id='word_1_90' title='bbox 288 1498 420 1554; x_wconf 87' lang='lat' dir='ltr'><strong>Theseus</strong></span> <span class='ocrx_word' id='word_1_91' title='bbox 435 1498 464 1554; x_wconf 90' lang='lat' dir='ltr'><strong>in</strong></span> <span class='ocrx_word' id='word_1_92' title='bbox 479 1498 611 1554; x_wconf 88' lang='lat' dir='ltr'><strong>maximis</strong></span> <span class='ocrx_word' id='word_1_93' title='bbox 626 1498 679 1554; x_wconf 90' lang='lat' dir='ltr'><strong>fuit</strong></span> <span class='ocrx_word' id='word_1_94' title='bbox 692 1498 845 1588; x_wconf 58' lang='lat' dir='ltr'><strong>luctibusj</strong></span> 
     </span>
    </p>

    <p class='ocr_par' dir='ltr' id='par_1_5' title="bbox 151 1594 898 1669">
     <span class='ocr_line' id='line_1_15' title="bbox 151 1594 898 1669; baseline 0.001 -18"><span class='ocrx_word' id='word_1_95' title='bbox 151 1594 254 1654; x_wconf 82' lang='lat' dir='ltr'><strong>Quidl</strong></span> <span class='ocrx_word' id='word_1_96' title='bbox 285 1594 486 1669; x_wconf 84' lang='lat' dir='ltr'><strong>Agamemnon</strong></span> <span class='ocrx_word' id='word_1_97' title='bbox 514 1612 580 1649; x_wconf 84' lang='lat' dir='ltr'><strong>eum</strong></span> <span class='ocrx_word' id='word_1_98' title='bbox 606 1595 766 1650; x_wconf 88' lang='lat' dir='ltr'><strong>devovisset</strong></span> <span class='ocrx_word' id='word_1_99' title='bbox 786 1595 898 1666; x_wconf 66' lang='lat' dir='ltr'><strong>Dianae,</strong></span> 
     </span>
    </p>

    <p class='ocr_par' dir='ltr' id='par_1_6' title="bbox 68 1689 900 2149">
     <span class='ocr_line' id='line_1_16' title="bbox 68 1689 899 1764; baseline 0.002 -19"><span class='ocrx_word' id='word_1_100' title='bbox 68 1698 99 1746; x_wconf 84' lang='lat'><strong>15</strong></span> <span class='ocrx_word' id='word_1_101' title='bbox 113 1690 188 1764; x_wconf 90' lang='lat' dir='ltr'><strong>quod</strong></span> <span class='ocrx_word' id='word_1_102' title='bbox 211 1689 240 1745; x_wconf 92' lang='lat' dir='ltr'><strong>in</strong></span> <span class='ocrx_word' id='word_1_103' title='bbox 261 1708 313 1744; x_wconf 91' lang='lat' dir='ltr'><strong>suo</strong></span> <span class='ocrx_word' id='word_1_104' title='bbox 334 1708 424 1764; x_wconf 87' lang='lat' dir='ltr'><strong>regno</strong></span> <span class='ocrx_word' id='word_1_105' title='bbox 447 1690 671 1762; x_wconf 82' lang='lat' dir='ltr'><strong>pulcherrimum</strong></span> <span class='ocrx_word' id='word_1_106' title='bbox 698 1701 796 1746; x_wconf 87' lang='lat' dir='ltr'><strong>natum</strong></span> <span class='ocrx_word' id='word_1_107' title='bbox 825 1702 899 1748; x_wconf 87' lang='lat' dir='ltr'><strong>esset</strong></span> 
     </span>
     <span class='ocr_line' id='line_1_17' title="bbox 112 1784 900 1860; baseline 0.004 -19"><span class='ocrx_word' id='word_1_108' title='bbox 112 1785 162 1842; x_wconf 92' lang='lat' dir='ltr'><strong>illo</strong></span> <span class='ocrx_word' id='word_1_109' title='bbox 185 1804 269 1855; x_wconf 84' lang='lat' dir='ltr'><strong>anne,</strong></span> <span class='ocrx_word' id='word_1_110' title='bbox 285 1784 440 1841; x_wconf 91' lang='lat' dir='ltr'><strong>immolavit</strong></span> <span class='ocrx_word' id='word_1_111' title='bbox 460 1784 651 1860; x_wconf 83' lang='lat' dir='ltr'><strong>Iphigeniam,</strong></span> <span class='ocrx_word' id='word_1_112' title='bbox 670 1787 725 1860; x_wconf 72' lang='lat' dir='ltr'><strong>qud</strong></span> <span class='ocrx_word' id='word_1_113' title='bbox 747 1787 817 1842; x_wconf 93' lang='lat' dir='ltr'><strong>nihil</strong></span> <span class='ocrx_word' id='word_1_114' title='bbox 839 1797 900 1844; x_wconf 89' lang='lat' dir='ltr'><strong>erat</strong></span> 
     </span>
     <span class='ocr_line' id='line_1_18' title="bbox 113 1880 899 1954; baseline 0.004 -19"><span class='ocrx_word' id='word_1_115' title='bbox 113 1899 149 1936; x_wconf 89' lang='lat' dir='ltr'><strong>eo</strong></span> <span class='ocrx_word' id='word_1_116' title='bbox 170 1880 284 1954; x_wconf 90' lang='lat' dir='ltr'><strong>quidem</strong></span> <span class='ocrx_word' id='word_1_117' title='bbox 307 1899 382 1936; x_wconf 89' lang='lat' dir='ltr'><strong>anuo</strong></span> <span class='ocrx_word' id='word_1_118' title='bbox 403 1891 501 1936; x_wconf 91' lang='lat' dir='ltr'><strong>natum</strong></span> <span class='ocrx_word' id='word_1_119' title='bbox 525 1881 681 1954; x_wconf 82' lang='lat' dir='ltr'><strong>pulchrius.</strong></span> <span class='ocrx_word' id='word_1_120' title='bbox 723 1881 899 1938; x_wconf 89' lang='lat' dir='ltr'><strong>Promissum</strong></span> 
     </span>
     <span class='ocr_line' id='line_1_19' title="bbox 113 1977 900 2052; baseline 0.003 -20"><span class='ocrx_word' id='word_1_121' title='bbox 113 1977 208 2052; x_wconf 88' lang='lat' dir='ltr'><strong>potius</strong></span> <span class='ocrx_word' id='word_1_122' title='bbox 230 1996 286 2032; x_wconf 93' lang='lat' dir='ltr'><strong>non</strong></span> <span class='ocrx_word' id='word_1_123' title='bbox 308 1977 482 2046; x_wconf 83' lang='lat' dir='ltr'><strong>faciendum,</strong></span> <span class='ocrx_word' id='word_1_124' title='bbox 497 1996 580 2051; x_wconf 91' lang='lat' dir='ltr'><strong>quam</strong></span> <span class='ocrx_word' id='word_1_125' title='bbox 596 1987 653 2033; x_wconf 91' lang='lat' dir='ltr'><strong>tam</strong></span> <span class='ocrx_word' id='word_1_126' title='bbox 669 1987 771 2033; x_wconf 90' lang='lat' dir='ltr'><strong>tetrum</strong></span> <span class='ocrx_word' id='word_1_127' title='bbox 788 1979 900 2035; x_wconf 84' lang='lat' dir='ltr'><strong>facinus</strong></span> 
     </span>
     <span class='ocr_line' id='line_1_20' title="bbox 116 2073 900 2149; baseline 0.004 -20"><span class='ocrx_word' id='word_1_128' title='bbox 116 2074 321 2130; x_wconf 88' lang='lat' dir='ltr'><strong>admittendum</strong></span> <span class='ocrx_word' id='word_1_129' title='bbox 344 2074 405 2130; x_wconf 87' lang='lat' dir='ltr'><strong>fuit.</strong></span> <span class='ocrx_word' id='word_1_130' title='bbox 447 2073 525 2149; x_wconf 83' lang='lat' dir='ltr'><strong>Ergo</strong></span> <span class='ocrx_word' id='word_1_131' title='bbox 546 2083 574 2129; x_wconf 92' lang='lat' dir='ltr'><strong>et</strong></span> <span class='ocrx_word' id='word_1_132' title='bbox 594 2074 734 2148; x_wconf 90' lang='lat' dir='ltr'><strong>promissa</strong></span> <span class='ocrx_word' id='word_1_133' title='bbox 754 2093 811 2130; x_wconf 93' lang='lat' dir='ltr'><strong>non</strong></span> <span class='ocrx_word' id='word_1_134' title='bbox 832 2076 900 2132; x_wconf 85' lang='lat' dir='ltr'><strong>saei·</strong></span> 
     </span>
    </p>

    <p class='ocr_par' dir='ltr' id='par_1_7' title="bbox 68 2170 900 2630">
     <span class='ocr_line' id='line_1_21' title="bbox 68 2170 900 2243; baseline 0.001 -18"><span class='ocrx_word' id='word_1_135' title='bbox 68 2182 99 2230; x_wconf 78' lang='lat'><strong>20</strong></span> <span class='ocrx_word' id='word_1_136' title='bbox 115 2170 190 2225; x_wconf 87' lang='lat' dir='ltr'><strong>enda</strong></span> <span class='ocrx_word' id='word_1_137' title='bbox 210 2188 431 2243; x_wconf 81' lang='lat' dir='ltr'><strong>nonnunquam3</strong></span> <span class='ocrx_word' id='word_1_138' title='bbox 454 2188 547 2242; x_wconf 88' lang='lat' dir='ltr'><strong>neque</strong></span> <span class='ocrx_word' id='word_1_139' title='bbox 568 2188 679 2242; x_wconf 85' lang='lat' dir='ltr'><strong>semper</strong></span> <span class='ocrx_word' id='word_1_140' title='bbox 694 2170 824 2243; x_wconf 90' lang='lat' dir='ltr'><strong>deposita</strong></span> <span class='ocrx_word' id='word_1_141' title='bbox 838 2171 900 2226; x_wconf 87' lang='lat' dir='ltr'><strong>red·</strong></span> 
     </span>
     <span class='ocr_line' id='line_1_22' title="bbox 114 2265 899 2341; baseline 0.001 -20"><span class='ocrx_word' id='word_1_142' title='bbox 114 2266 217 2322; x_wconf 85' lang='lat' dir='ltr'><strong>dendo.</strong></span> <span class='ocrx_word' id='word_1_143' title='bbox 273 2266 305 2322; x_wconf 83' lang='lat' dir='ltr'><strong>Si</strong></span> <span class='ocrx_word' id='word_1_144' title='bbox 326 2266 452 2341; x_wconf 84' lang='lat' dir='ltr'><strong>gladium</strong></span> <span class='ocrx_word' id='word_1_145' title='bbox 477 2266 540 2339; x_wconf 91' lang='lat' dir='ltr'><strong>quis</strong></span> <span class='ocrx_word' id='word_1_146' title='bbox 563 2265 636 2340; x_wconf 91' lang='lat' dir='ltr'><strong>apud</strong></span> <span class='ocrx_word' id='word_1_147' title='bbox 657 2275 685 2320; x_wconf 92' lang='lat' dir='ltr'><strong>te</strong></span> <span class='ocrx_word' id='word_1_148' title='bbox 706 2267 776 2322; x_wconf 77' lang='lat' dir='ltr'><strong>sami</strong></span> <span class='ocrx_word' id='word_1_149' title='bbox 803 2277 899 2322; x_wconf 92' lang='lat' dir='ltr'><strong>mente</strong></span> 
     </span>
     <span class='ocr_line' id='line_1_23' title="bbox 115 2362 900 2436; baseline 0.003 -19"><span class='ocrx_word' id='word_1_150' title='bbox 115 2363 287 2436; x_wconf 88' lang='lat' dir='ltr'><strong>deposuerit,</strong></span> <span class='ocrx_word' id='word_1_151' title='bbox 299 2372 408 2435; x_wconf 88' lang='lat' dir='ltr'><strong>repetat</strong></span> <span class='ocrx_word' id='word_1_152' title='bbox 422 2362 584 2430; x_wconf 82' lang='lat' dir='ltr'><strong>insaniens3</strong></span> <span class='ocrx_word' id='word_1_153' title='bbox 606 2362 735 2431; x_wconf 85' lang='lat' dir='ltr'><strong>reddere,</strong></span> <span class='ocrx_word' id='word_1_154' title='bbox 747 2373 900 2435; x_wconf 85' lang='lat' dir='ltr'><strong>peecatum</strong></span> 
     </span>
     <span class='ocr_line' id='line_1_24' title="bbox 115 2457 900 2532; baseline -0.003 -18"><span class='ocrx_word' id='word_1_155' title='bbox 115 2459 167 2527; x_wconf 82' lang='lat' dir='ltr'><strong>sit3</strong></span> <span class='ocrx_word' id='word_1_156' title='bbox 196 2478 251 2515; x_wconf 91' lang='lat' dir='ltr'><strong>non</strong></span> <span class='ocrx_word' id='word_1_157' title='bbox 279 2458 408 2528; x_wconf 89' lang='lat' dir='ltr'><strong>reddere,</strong></span> <span class='ocrx_word' id='word_1_158' title='bbox 431 2458 566 2514; x_wconf 85' lang='lat' dir='ltr'><strong>officium.</strong></span> <span class='ocrx_word' id='word_1_159' title='bbox 620 2457 721 2518; x_wconf 81' lang='lat' dir='ltr'><strong>Quidl</strong></span> <span class='ocrx_word' id='word_1_160' title='bbox 750 2457 774 2512; x_wconf 90' lang='lat' dir='ltr'><strong>si</strong></span> <span class='ocrx_word' id='word_1_161' title='bbox 795 2458 828 2527; x_wconf 86' lang='lat' dir='ltr'><strong>is,</strong></span> <span class='ocrx_word' id='word_1_162' title='bbox 851 2459 900 2532; x_wconf 91' lang='lat' dir='ltr'><strong>qui</strong></span> 
     </span>
     <span class='ocr_line' id='line_1_25' title="bbox 116 2552 900 2630; baseline 0.001 -20"><span class='ocrx_word' id='word_1_163' title='bbox 116 2555 189 2630; x_wconf 89' lang='lat' dir='ltr'><strong>apud</strong></span> <span class='ocrx_word' id='word_1_164' title='bbox 217 2565 244 2610; x_wconf 90' lang='lat' dir='ltr'><strong>te</strong></span> <span class='ocrx_word' id='word_1_165' title='bbox 271 2554 423 2628; x_wconf 83' lang='lat' dir='ltr'><strong>pecuniam</strong></span> <span class='ocrx_word' id='word_1_166' title='bbox 454 2554 626 2627; x_wconf 89' lang='lat' dir='ltr'><strong>deposuerit,</strong></span> <span class='ocrx_word' id='word_1_167' title='bbox 655 2552 759 2609; x_wconf 90' lang='lat' dir='ltr'><strong>bellum</strong></span> <span class='ocrx_word' id='word_1_168' title='bbox 797 2553 900 2611; x_wconf 88' lang='lat' dir='ltr'><strong>inserat</strong></span> 
     </span>
    </p>

    <p class='ocr_par' dir='ltr' id='par_1_8' title="bbox 68 2648 901 3018">
     <span class='ocr_line' id='line_1_26' title="bbox 68 2648 899 2725; baseline 0.001 -19"><span class='ocrx_word' id='word_1_169' title='bbox 68 2651 223 2725; x_wconf 75' lang='lat' dir='ltr'><strong>25patriae,</strong></span> <span class='ocrx_word' id='word_1_170' title='bbox 259 2650 398 2706; x_wconf 87' lang='lat' dir='ltr'><strong>reddasne</strong></span> <span class='ocrx_word' id='word_1_171' title='bbox 435 2649 617 2722; x_wconf 85' lang='lat' dir='ltr'><strong>deposituml</strong></span> <span class='ocrx_word' id='word_1_172' title='bbox 680 2648 758 2718; x_wconf 91' lang='lat' dir='ltr'><strong>Non,</strong></span> <span class='ocrx_word' id='word_1_173' title='bbox 794 2650 899 2707; x_wconf 88' lang='lat' dir='ltr'><strong>credo:</strong></span> 
     </span>
     <span class='ocr_line' id='line_1_27' title="bbox 115 2745 900 2819; baseline 0.004 -18"><span class='ocrx_word' id='word_1_174' title='bbox 115 2746 204 2802; x_wconf 86' lang='lat' dir='ltr'><strong>facias</strong></span> <span class='ocrx_word' id='word_1_175' title='bbox 238 2746 313 2802; x_wconf 91' lang='lat' dir='ltr'><strong>enim</strong></span> <span class='ocrx_word' id='word_1_176' title='bbox 349 2755 450 2800; x_wconf 89' lang='lat' dir='ltr'><strong>contra</strong></span> <span class='ocrx_word' id='word_1_177' title='bbox 480 2745 696 2819; x_wconf 82' lang='lat' dir='ltr'><strong>rempublicam,</strong></span> <span class='ocrx_word' id='word_1_178' title='bbox 724 2763 786 2817; x_wconf 84' lang='lat' dir='ltr'><strong>quae</strong></span> <span class='ocrx_word' id='word_1_179' title='bbox 814 2745 900 2804; x_wconf 90' lang='lat' dir='ltr'><strong>debet</strong></span> 
     </span>
     <span class='ocr_line' id='line_1_28' title="bbox 108 2839 901 2914; baseline 0.008 -20"><span class='ocrx_word' id='word_1_180' title='bbox 108 2858 175 2896; x_wconf 87' lang='lat' dir='ltr'><strong>esse</strong></span> <span class='ocrx_word' id='word_1_181' title='bbox 196 2841 353 2898; x_wconf 85' lang='lat' dir='ltr'><strong>carissima.</strong></span> <span class='ocrx_word' id='word_1_182' title='bbox 396 2841 446 2896; x_wconf 87' lang='lat' dir='ltr'><strong>Sic</strong></span> <span class='ocrx_word' id='word_1_183' title='bbox 467 2841 565 2910; x_wconf 88' lang='lat' dir='ltr'><strong>multa,</strong></span> <span class='ocrx_word' id='word_1_184' title='bbox 581 2858 643 2914; x_wconf 83' lang='lat' dir='ltr'><strong>quae</strong></span> <span class='ocrx_word' id='word_1_185' title='bbox 658 2839 777 2897; x_wconf 90' lang='lat' dir='ltr'><strong>honesta</strong></span> <span class='ocrx_word' id='word_1_186' title='bbox 797 2843 901 2900; x_wconf 69' lang='lat' dir='ltr'><strong>natura</strong></span> 
     </span>
     <span class='ocr_line' id='line_1_29' title="bbox 98 2934 898 3018; baseline 0.011 -30"><span class='ocrx_word' id='word_1_187' title='bbox 98 2934 240 2997; x_wconf 81' lang='lat' dir='ltr'><strong>videntur</strong></span> <span class='ocrx_word' id='word_1_188' title='bbox 276 2960 355 3015; x_wconf 88' lang='lat' dir='ltr'><strong>esse,</strong></span> <span class='ocrx_word' id='word_1_189' title='bbox 383 2938 563 3018; x_wconf 82' lang='lat' dir='ltr'><strong>temporibus</strong></span> <span class='ocrx_word' id='word_1_190' title='bbox 584 2937 658 2996; x_wconf 83' lang='lat' dir='ltr'><strong>hunt</strong></span> <span class='ocrx_word' id='word_1_191' title='bbox 680 2955 741 2994; x_wconf 88' lang='lat' dir='ltr'><strong>non</strong></span> <span class='ocrx_word' id='word_1_192' title='bbox 769 2937 898 2997; x_wconf 84' lang='lat' dir='ltr'><strong>honesta</strong></span> 
     </span>
    </p>
   </div>
   <div class='ocr_carea' id='block_1_3' title="bbox 0 0 956 3750">
    <p class='ocr_par' dir='ltr' id='par_1_9' title="bbox 0 0 956 3750">
     <span class='ocr_line' id='line_1_30' title="bbox 0 0 956 3750; baseline 0 0"><span class='ocrx_word' id='word_1_193' title='bbox 0 0 956 3750; x_wconf 95' lang='lat' dir='ltr'><strong> </strong></span> 
     </span>
    </p>
   </div>
  </div>
 </body>
</html>
