1904 3750
80 204 137 263 172
410 213 453 257 un
476 211 621 257 osricus.
814 208 909 269 [nur

85 394 95 403 ι
164 357 246 415 XVl.
269 358 366 415 Aede
377 358 441 434 jure
452 360 567 433 quidem
581 357 752 435 prediorum
767 358 910 414 sancitum

125 464 169 511 est
193 456 268 529 apud
291 474 344 512 nos
364 456 429 531 jure
453 456 540 527 civili,
563 464 602 527 ut,
625 455 655 511 in
679 454 724 511 his
742 454 910 526 vendendis,

125 551 193 607 vitia
228 550 402 622 dicerentur,
433 570 496 625 quae
529 563 599 608 uota
630 560 727 607 essent
759 550 911 608 venditori.

125 645 212 716 Nam,
229 666 294 704 curn
308 665 344 703 ex
357 646 418 703 XII
435 647 539 703 tabulis
554 647 622 703 satis
637 657 712 702 esset
725 664 761 703 ea
773 646 912 721 praestari,

93 753 110 801 ὅ
125 760 189 816 quae
203 752 299 800 essent
318 743 417 818 liugud
437 752 613 818 nuncupata,
627 760 691 817 quae
704 742 754 816 qui
769 742 913 799 inficiatus

126 846 211 909 esset,
240 837 319 914 dupli
352 857 465 913 poenam
500 838 624 908 subiret3
660 856 678 894 u
707 837 913 913 jureconsultis

126 933 212 991 etiarn
227 935 386 992 reticentiae
400 954 485 1010 poena
498 943 541 991 est
555 933 719 991 constitute.
760 932 913 1008 Quidquid

126 1030 203 1086 enim
237 1040 313 1087 esset
340 1031 370 1087 iu
396 1030 504 1106 praedio
531 1030 603 1101 vitii,
631 1028 660 1086 id
690 1038 860 1100 statuerunt,
889 1029 913 1086 si

126 1127 257 1183 venditor
284 1127 381 1197 sciret,
409 1127 465 1183 nisi
492 1126 662 1183 nominatim
689 1125 799 1182 dietum
826 1134 912 1196 esset,

79 1228 111 1277 10
126 1223 254 1297 prestari
278 1232 418 1298 oportere.
459 1220 508 1293 Ut,
531 1241 597 1279 oum
619 1222 649 1279 in
673 1240 739 1279 aree
761 1220 912 1297 augurium

128 1338 250 1395 augures
265 1319 356 1376 acturi
370 1328 474 1388 essent,
487 1318 694 1393 jussissemque
708 1317 745 1375 Τ.
758 1317 913 1374 Claudium

126 1415 340 1486 Centumalum,
355 1415 403 1489 qui
419 1415 494 1471 edes
509 1414 538 1471 in
552 1414 644 1472 Caelio
662 1424 760 1471 monte
778 1413 912 1485 habebat,

127 1510 258 1568 demoliri
278 1529 322 1580 ea,
337 1529 458 1584 quorum
478 1510 598 1567 altitudo
616 1510 744 1567 officeret
760 1510 911 1586 auspiciis3

79 1633 84 1646 ·
127 1606 267 1663 Claudius
293 1607 460 1681 proscripsit
490 1606 629 1663 insulam:
664 1607 809 1663 vendidit:
843 1607 913 1663 emit

80 1707 111 1755 15
127 1703 158 1759 P.
193 1702 368 1776 Calpurnius
402 1702 558 1759 Lonorius:
594 1702 663 1758 huie
694 1703 729 1759 ab
757 1703 913 1779 auguribus

126 1798 197 1856 illud
219 1797 294 1853 idem
316 1797 514 1854 denuntiatum
529 1807 580 1854 est.
622 1797 724 1872 Itaque
738 1798 913 1872 Calpurnius

127 1914 193 1952 oum
221 1894 374 1950 demolitus
401 1904 485 1963 esset,
511 1892 732 1969 eogndssetque,
758 1894 913 1951 Claudiurn

127 1992 202 2048 aedes
216 2001 316 2065 postea
328 1990 539 2065 proscripsisse,
554 2009 638 2063 quam
660 1999 735 2046 esset
751 1991 786 2047 ab
801 1993 914 2067 auguri·

127 2090 180 2144 bus
213 2086 342 2143 demoliri
376 2085 482 2161 jussus,
518 2086 655 2142 arbitrum
692 2086 773 2143 illum
808 2088 912 2163 adegit,

80 2190 111 2238 20
128 2183 295 2258 “quidquid
321 2182 376 2238 sibi
397 2183 474 2252 dare,
496 2182 601 2252 facere,
624 2192 769 2257 oporteret
795 2202 831 2240 ex
858 2184 913 2241 fide

128 2281 231 2336 bond.’'
275 2278 316 2334 M.
331 2279 405 2335 Cato
427 2278 598 2334 sententiam
619 2278 701 2349 dixit,
718 2279 802 2353 hujus
822 2280 914 2336 nostrl

127 2376 246 2432 Catonis
256 2385 347 2450 pater:
365 2374 410 2449 (ut
420 2375 497 2430 enirn
507 2374 604 2431 caeteri
613 2393 648 2430 ex
655 2374 792 2450 patribus,
802 2375 844 2430 sic
855 2376 912 2447 hio,

127 2473 175 2548 qui
196 2472 292 2528 lumen
314 2470 383 2526 illud
405 2471 567 2545 progenuit,
583 2490 618 2527 err
631 2471 690 2527 filio
704 2480 747 2527 est
764 2471 915 2528 nominan-

128 2569 205 2646 dus.)
248 2567 277 2623 Is
298 2567 384 2642 igitur
402 2565 491 2641 judex
512 2567 552 2623 ita
569 2565 780 2642 pronuntiavit:
802 2585 868 2622 oum
884 2567 914 2624 in

80 2673 112 2721 25
128 2663 326 2721 venumdando
350 2681 410 2718 rem
434 2681 498 2718 earn
522 2662 633 2732 scisset,
655 2670 683 2718 et
707 2680 764 2718 uon
789 2680 915 2736 pronun-

128 2761 237 2829 tidsset,
250 2757 371 2832 emptori
386 2757 521 2813 damnum
536 2755 662 2831 praestari
677 2767 815 2831 oportere.
857 2757 915 2833 Igi-

119 2863 170 2909 tur
198 2855 236 2909 ad
263 2853 350 2911 fidem
377 2852 483 2908 bonam
511 2852 610 2910 statuit
636 2852 788 2927 pertinere,
813 2864 915 2913 notum

104 2958 177 3001 esse
190 2949 321 3026 emptori
337 2949 454 3024 vitium,
468 2949 547 3029 quod
558 2947 804 3008 ndssetuenditor.

187 3228 213 3252 h
