1904 3750
67 625 108 684 46
413 634 456 681 ua
473 632 618 679 oanrcns.
826 630 858 691 [a

175 783 191 811 “
201 780 300 829 Cedant
310 795 378 829 arma
388 786 467 844 togis:
484 780 606 829 concedat
615 779 700 827 laurea
712 777 830 842 [laudi.’']

113 880 152 937 Ut
173 881 249 937 enim
272 881 342 938 alios
363 882 503 952 omittam,
523 880 607 937 nobis
631 878 857 954 rempublicamp

16 994 19 998 ·
114 977 310 1046 bernantibus,
333 996 429 1033 nonne
450 986 525 1052 togae
547 994 626 1032 arma
646 973 780 1031 cessdrel
809 993 856 1030 no<

114 1073 190 1129 enim
203 1073 231 1130 iu
244 1073 392 1148 republica
402 1073 562 1148 periculum
574 1072 628 1128 suit
640 1071 755 1147 gravius
766 1089 856 1145 unqua

83 1181 170 1228 5nec
195 1170 285 1245 majus
313 1171 416 1227 otium..
454 1169 500 1226 Ita
533 1168 662 1225 consiliis
695 1167 855 1243 diligentia(

114 1267 212 1323 nostra
227 1266 358 1323 celeriter
379 1266 415 1322 de
436 1265 569 1322 manibus
590 1263 847 1321 audacissimorum

115 1363 193 1420 vium
217 1363 335 1438 delapsa
357 1381 436 1419 arma
457 1362 519 1437 ipsa
541 1360 718 1417 ceciderunt.
759 1358 836 1420 Quae

116 1459 202 1536 igitur
211 1469 293 1535 gesta
301 1477 426 1534 unquam
440 1459 468 1515 in
480 1458 556 1515 bello
567 1457 666 1514 tantal
687 1455 736 1530 qui
744 1455 853 1532 triump‘,

116 1556 332 1613 conserendusl
362 1555 447 1611 Licet
461 1554 537 1610 enim
552 1553 633 1624 mihi,
648 1551 750 1609 Marce
764 1552 813 1623 fili,
830 1570 853 1626 a]

71 1662 102 1711 10
116 1664 145 1709 te
158 1652 286 1728 gloriari,
301 1652 336 1708 ad
351 1669 434 1725 quem
450 1660 478 1706 et
492 1649 644 1706 haereditas
658 1649 741 1724 hujus
755 1647 852 1725 gloriae

118 1749 257 1805 sactorum
274 1747 405 1816 imitatio,
420 1746 552 1820 pertinet.
595 1744 670 1802 Mihi
691 1744 807 1819 quidem
826 1762 852 1800 cr

117 1844 159 1900 vir
184 1843 332 1900 abundans
356 1842 467 1898 bellicis
491 1841 635 1912 laudibus,
661 1823 716 1897 Cn.¹
738 1839 851 1914 Pompe:

117 1939 214 1995 multis
236 1939 428 2008 audientibus,
445 1938 501 1994 hoc
521 1938 632 2008 tribuit,
648 1946 679 1993 ut
700 1937 819 2005 diceret,
835 1936 851 1992 fi

117 2046 161 2091 tra
181 2054 211 2091 se
232 2035 407 2110 triumphum
431 2035 548 2091 tertium
573 2035 785 2108 deportaturum
807 2032 847 2089 sui

72 2151 102 2199 15
118 2131 184 2201 nisi,
199 2149 264 2186 meo
286 2131 316 2187 in
341 2131 546 2206 rempublicam
569 2131 721 2200 beneficio,
736 2129 785 2186 ubi
808 2129 850 2185 trit

118 2229 228 2303 pharet,
251 2237 326 2283 esset
353 2227 511 2283 habiturus.
554 2228 628 2283 Sunt
650 2245 719 2303 ergo
741 2225 849 2281 domest

119 2324 301 2380 fortitudines
315 2342 374 2379 non
389 2324 538 2379 inferiores
553 2323 724 2380 militaribus
733 2343 740 2392 ;
763 2322 849 2397 inqui

118 2420 182 2494 plus
196 2419 293 2490 etiarn,
309 2438 393 2495 quam
414 2419 443 2476 in
466 2419 520 2490 his,
535 2438 628 2495 operae
643 2419 787 2493 studiique
800 2437 848 2494 por

119 2517 187 2572 dum
202 2525 253 2573 est.

71 2725 103 2773 20
158 2709 275 2766 XXIII.
300 2708 429 2766 Omnino
460 2709 530 2766 illud
564 2709 727 2779 honestum,
761 2709 839 2783 quod

120 2806 215 2863 animo
244 2806 359 2862 excelso
387 2805 599 2881 magnificoque
628 2806 792 2879 quaerimus,
820 2825 846 2862 ar

120 2903 251 2973 efficitur,
283 2921 341 2958 non
373 2902 512 2975 corporis,
543 2901 661 2957 viribus.
704 2900 846 2958 Exercent

119 3008 215 3055 tamen
231 3016 343 3072 corpus,
358 3006 387 3053 et
408 2997 448 3054 ita
469 2997 650 3054 afficiendum
672 3006 725 3067 est,
741 3007 772 3054 ut
791 2998 845 3054 obe

120 3094 240 3152 consilio
254 3093 414 3167 rationique
428 3093 518 3168 possit
529 3093 558 3150 in
569 3093 759 3168 exsequendis
773 3113 845 3170 nego

73 3196 104 3244 25
121 3199 149 3245 et
173 3190 203 3246 in
230 3189 327 3246 labore
354 3188 512 3246 tolerando.
556 3188 717 3246 Honestum
746 3199 841 3247 autem

120 3285 195 3357 quod
220 3284 405 3360 exquirimus,
429 3294 520 3342 totum
544 3294 588 3341 est
613 3285 739 3360 positum
765 3286 794 3342 in
820 3305 844 3343 ar

105 3379 179 3434 curat
195 3390 228 3437 et
241 3380 441 3459 cogitationc;
464 3381 495 3441 in
508 3400 564 3460 quo
575 3399 638 3440 nou
648 3381 790 3441 minorem
803 3383 844 3442 uti
