1904 3750
56 257 119 317 aa]
285 262 288 267 ·
360 247 407 299 'nn
426 253 572 302 cuncus.
861 247 898 307 71

21 434 24 441 ’
57 407 227 485 diligentem
250 404 392 462 fabricam
414 405 525 463 imitata
545 416 588 463 est
608 406 755 463 hominum
776 424 855 464 vero·

59 505 171 563 cundia„
215 502 297 564 Quae
327 501 407 558 enim
436 512 540 559 natura
561 502 727 575 occultavit,
752 504 854 561 eadem

60 620 166 672 omues,
183 599 236 674 qui
251 600 323 656 send
334 609 432 654 mente
446 609 521 670 sunt,
532 611 680 658 removent
694 601 730 657 ab
744 600 852 671 oculis3

61 697 169 773 ipsique
191 694 373 765 necessitati,
389 694 457 751 dant
470 715 596 771 operam,
611 707 643 754 ut
658 716 742 772 quam
758 698 854 755 occul-

61 794 315 868 tissimepareant:
331 810 509 866 quarumque
518 789 641 868 partium
649 795 854 869 corporisusus
868 799 884 846 5

62 902 124 947 sunt
144 888 317 960 necessarii,
333 906 384 944 eas
404 906 497 961 neque
516 900 621 964 partes,
641 909 734 964 neque
755 909 854 949 earum

63 1005 136 1057 usus,
152 985 215 1042 suis
236 974 406 1041 nominibus
427 974 586 1059 appellant:
608 986 742 1060 quodque
759 987 854 1045 facere

63 1091 141 1157 turpe
155 1101 215 1139 non
231 1091 285 1151 est,
298 1079 386 1136 modo
397 1080 521 1151 occulte,
533 1080 562 1136 id
573 1080 672 1136 dicere
686 1081 855 1139 obscoenum

65 1188 109 1235 at.
152 1177 258 1251 Itaque
273 1194 330 1232 nec
347 1186 444 1249 aperta
458 1176 533 1234 actio
543 1194 640 1232 rerum
651 1175 764 1232 illarum
774 1186 856 1251 petu-

64 1273 148 1332 lantia
162 1283 259 1345 vacat,
271 1291 329 1329 nec
339 1272 477 1329 orationis
491 1273 674 1329 obscoenitas.
870 1278 901 1328 10

97 1372 164 1429 Nec
179 1389 249 1428 vero
265 1368 404 1427 audiendi
418 1380 484 1426 suut
499 1370 614 1444 Cynici,
631 1379 679 1426 aut
694 1369 782 1444 siqui
796 1368 856 1427 fue-

64 1479 125 1526 runt
139 1467 236 1525 Stoici
251 1484 337 1542 paene
356 1465 470 1540 Cynici,
483 1466 532 1540 qui
548 1467 762 1542 reprehendunt
776 1476 805 1523 et
820 1467 856 1524 ir·

64 1561 162 1632 rident,
173 1560 251 1635 quod
265 1578 311 1629 ea,
322 1576 386 1631 quae
398 1559 491 1633 turpia
501 1578 532 1614 re
543 1578 602 1615 non
611 1559 678 1631 sint,
688 1559 855 1617 nominibus

64 1676 93 1715 ac
106 1658 203 1715 verbis
213 1656 363 1733 flagitiosa
373 1653 528 1725 ducamus;
543 1655 593 1712 illa
608 1666 713 1728 autem,
723 1676 786 1732 quae
797 1667 856 1714 tur·

63 1754 107 1827 pia
115 1755 184 1826 sint,
197 1752 370 1810 nominibus
385 1741 559 1826 appellemus
573 1751 639 1808 suis.
662 1752 854 1823 Latrocinari‚
870 1765 901 1814 15

64 1850 203 1922 fraudare,
215 1849 390 1918 adulterare,
400 1866 431 1904 re
441 1858 523 1923 turpe
532 1857 591 1918 est;
611 1849 662 1906 sed
677 1850 783 1907 dicitur
797 1868 855 1908 non

63 1947 214 2005 obscoene:
237 1944 340 2002 liberis
361 1944 429 2001 dare
447 1963 574 2020 operam,
589 1964 620 2002 re
634 1946 786 2004 honestum
800 1955 854 2019 est,

63 2046 176 2102 nomine
191 2044 382 2101 obscoenum:
403 2042 541 2117 pluraque
555 2043 584 2100 in
599 2061 663 2100 eam
682 2042 855 2100 sententiam

65 2141 97 2198 ab
108 2141 223 2198 eisdem
238 2149 344 2196 contra
353 2141 557 2197 verecundiam
568 2139 758 2212 disputantur.
792 2136 856 2193 Nos

67 2249 156 2295 autem
171 2248 310 2295 naturam
325 2253 492 2308 sequamur;
515 2244 544 2291 et
559 2234 594 2290 ab
608 2232 698 2302 omni,
713 2231 790 2307 quod
810 2231 856 2288 ab·
869 2243 902 2293 20

66 2332 158 2393 horret
188 2335 224 2393 ab
253 2331 407 2389 oculorum
438 2331 608 2404 auriumque
640 2327 856 2404 approbatione,

69 2429 208 2507 fugiamus
265 2429 376 2498 Status,
403 2427 543 2496 incessus,
571 2425 672 2497 sessio,
701 2423 856 2494 accubitio,

69 2528 166 2599 vultus,
188 2525 280 2597 oculi,
302 2542 440 2581 manuum
460 2533 566 2595 motus,
580 2530 699 2580 teneant
718 2520 789 2578 illud
810 2518 858 2576 de·

70 2641 172 2682 corum.

101 2717 222 2780 Quibus
243 2716 274 2775 in
290 2714 378 2771 rebus
399 2715 457 2771 duo
475 2713 599 2770 maxime
616 2721 683 2770 sunt
703 2709 856 2788 fugienda3
871 2719 904 2770 25

70 2814 170 2888 nequid
186 2812 397 2869 effoeminatum
412 2819 461 2867 aut
474 2808 571 2880 molle,
585 2820 614 2867 et
627 2808 734 2883 nequid
754 2808 858 2866 durum

72 2920 115 2967 aut
128 2910 283 2979 rusticum,
299 2906 345 2964 sit.
386 2905 453 2962 Nec
473 2924 541 2963 vero
562 2903 749 2963 histrionibus
764 2914 858 2963 orato·

70 3004 204 3078 libusque
223 3001 446 3062 concedendum
468 3013 523 3080 est,
539 3013 572 3066 ut
585 3002 624 3066 'us
634 3002 704 3067 baec
717 2999 878 3088 aptadius,
