1904 3750
221 282 358 343 imaum,
377 282 451 332 siva
470 284 514 332 aa
533 284 690 333 ameum.
857 276 898 336 at

59 430 186 506 denique
198 431 310 491 errasse
331 433 468 506 sentiunt,
484 450 550 491 cum
567 452 618 492 eos
637 433 732 512 gravis
747 433 850 510 aliquis

50 545 146 586 cacus
160 529 283 604 experiri
298 529 386 606 cogit.

97 624 250 686 Quocirca
275 625 445 702 (dicendum
469 636 513 684 est
536 625 615 685 enim
639 625 757 707 saepius)
782 645 850 685 cum

57 719 241 795 judicaveris,
256 720 377 798 diligere
391 731 521 798 oportet;
543 740 612 794 non,
622 740 690 779 cum
703 722 848 794 dilexeris,

57 815 197 891 judicare.
239 817 307 888 Sed,
323 834 390 874 cum
408 817 507 875 multis
528 817 558 875 in
572 817 658 875 rebus
672 817 849 895 negligentia
862 825 879 875 5

58 910 222 987 plectimur,
236 921 297 968 tum
311 913 435 971 maxime
449 913 479 970 in
495 913 595 971 amicis
606 921 635 970 et
649 913 849 991 deligendiset

59 1006 198 1064 colendis.
239 1008 425 1083 Praeposteris
438 1009 516 1067 enim
529 1009 636 1067 utimur
650 1009 798 1081 consiliis;
819 1019 848 1068 et

59 1113 124 1161 acta
159 1103 280 1181 agimus,
305 1105 381 1178 quod
409 1115 539 1163 vetamur
564 1105 654 1162 veteri
686 1106 846 1180 proverbio.

58 1198 136 1257 Nam
158 1199 297 1276 implicati
320 1201 395 1259 ultro
415 1211 445 1258 et
458 1201 542 1273 citro,
560 1201 604 1258 vel
626 1220 680 1259 usu
701 1201 847 1273 diuturno,

57 1295 102 1352 vel
122 1295 210 1353 etiem
230 1296 343 1368 officiis,
358 1307 486 1371 repente,
500 1297 531 1354 in
551 1296 648 1355 medio
668 1315 765 1369 curru,
780 1297 894 1360 ami-10

58 1391 151 1464 citias,
166 1393 266 1450 exorti
280 1392 375 1468 aliqud
389 1393 559 1466 offensione,
574 1393 771 1468 dirumpimua

97 1583 216 1641 XXIII.
256 1585 328 1647 Quo
342 1586 430 1644 etiam
443 1585 535 1663 magia
545 1585 734 1662 vituperanda
746 1596 790 1646 est
805 1565 847 1644 rei

57 1680 181 1738 maxime
195 1682 365 1740 necesrariae
376 1692 457 1753 tanta
470 1683 591 1742 incuria.
632 1683 699 1741 Una
711 1693 755 1741 est
769 1683 847 1740 enim

59 1765 230 1835 amicitiain
244 1779 330 1836 rebus
350 1779 493 1852 humanis,
504 1780 541 1837 de
555 1780 637 1856 cujus
650 1780 774 1838 utilitate
788 1798 847 1837 om·

57 1890 111 1929 nes
133 1890 193 1930 uno
223 1891 273 1930 ore
295 1875 497 1932 consentiunt:
527 1893 690 1949 quanquam
713 1894 730 1932 a
749 1873 847 1931 multis
863 1888 893 1937 15

57 1967 121 2044 ipsa
142 1968 230 2027 virtus
254 1971 459 2042 contemnitur,
483 1981 512 2028 et
535 1971 693 2028 venditatio
716 1970 847 2044 quaedam

57 2075 144 2140 atque
170 2066 325 2125 ostentatio
359 2085 423 2124 esse
450 2066 564 2124 dicitur.
618 2065 706 2124 Multi
733 2065 847 2123 divitias

56 2162 230 2238 despiciunt,
262 2183 342 2238 quos,
370 2182 460 2240 parvo
481 2173 643 2234 contentos,
668 2161 764 2219 tenuis
791 2161 847 2218 vic·

56 2267 103 2315 tus
123 2258 275 2333 cultusque
302 2259 446 2321 delectat:
476 2259 600 2316 honores
619 2274 698 2328 vero,
726 2274 847 2331 quorum

56 2354 214 2430 cupiditate
227 2354 345 2429 quidam
366 2354 590 2425 inflammantur,
604 2371 691 2427 quam
710 2351 793 2409 inulti
807 2351 848 2409 ita
861 2365 893 2414 20

55 2460 254 2523 contemnunt,
276 2461 308 2508 ut
331 2451 403 2508 nihil
425 2450 549 2521 inanius,
571 2448 642 2508 nihil
662 2448 763 2520 levius,
783 2466 847 2506 esse

55 2546 238 2605 existiment!
260 2548 387 2623 itemque
400 2557 514 2619 caetera,
529 2565 592 2621 quae
607 2544 778 2620 quibusdam
800 2544 848 2602 ad-

55 2641 199 2700 mirabilia
219 2642 361 2715 ridentur,
375 2642 509 2719 permulti
529 2651 605 2714 sunt,
620 2640 669 2716 qui
689 2640 847 2716 pronihilo

55 2748 166 2815 putent.
208 2739 254 2796 De
269 2739 398 2797 amicitiai
416 2757 516 2796 omnes
536 2738 571 2796 ad
589 2756 679 2796 unum
693 2737 771 2794 idem
784 2754 847 2794 sen·

55 2834 141 2908 tiunt,
155 2845 185 2893 et
199 2835 220 2893 ii
234 2836 284 2910 qui
298 2836 334 2893 ad
348 2835 555 2912 rempublicam
569 2853 600 2892 se
612 2834 806 2906 contulerunt,
817 2844 846 2892 et
860 2849 893 2898 25

55 2931 78 2989 ii
92 2932 142 3006 qui
155 2951 252 2990 rerum
267 2932 435 3009 cognitione
451 2931 641 3006 doctrinaque
655 2931 854 2998 delectantur,

57 3028 120 3087 etii
135 3029 182 3105 qni
196 3048 280 3090 cuum
291 3029 447 3110 negotium
457 3040 567 3112 gerunt
577 3028 691 3089 ot'roai:
705 3032 886 3100 poemenen,
