1904 3750
62 227 92 276 a.
102 227 145 276 111.
147 231 158 288 l
351 230 396 277 un
417 230 562 278 osricus.
837 219 895 280 201

63 395 143 434 mum
158 377 265 435 malum
279 378 367 449 dicat,
383 378 458 454 apud
472 398 538 436 eum
552 396 638 454 quem
652 379 739 436 habet
752 378 849 436 locum

64 474 209 545 fortitudo,
239 494 301 548 quae
331 485 374 531 est
404 475 535 532 dolorum
566 476 753 550 laborumque
782 495 852 532 con·

63 570 203 643 temptiol
248 569 391 630 Quamvis
412 569 489 626 enim
510 569 607 626 multis
628 569 658 627 in
679 570 752 626 locis
772 571 851 627 dicat

63 664 208 739 Epicurus
243 664 331 743 (sicut
365 665 413 723 hic
447 665 531 744 dicit)
567 666 636 723 satis
669 666 780 723 sortiter
814 667 850 723 de

62 761 178 831 dolore;
200 771 295 818 tamen
317 781 375 818 non
397 763 584 836 spectandum
605 772 658 834 est,
673 763 742 838 quid
761 763 849 834 dicat,
866 774 882 822 5

62 859 111 915 red
133 859 202 934 quid
221 868 448 915 consentaneum
469 858 506 915 sit
527 857 553 914 ei
575 858 683 931 dicere,
704 859 752 934 qui
773 860 850 916 bona

61 956 206 1030 voluptate
227 954 430 1025 terminaverit,
445 953 521 1011 mala
534 954 649 1011 dolore:
672 964 714 1027 ut,
729 955 753 1011 si
768 955 848 1013 illum

63 1051 175 1108 audiam
197 1051 234 1107 de
255 1051 433 1107 continentid
452 1060 481 1107 et
499 1050 698 1125 temperantiti,
713 1051 784 1108 dicit
800 1051 849 1109 ille

62 1148 176 1222 quidem
198 1147 288 1204 multa
308 1147 404 1204 multis
424 1146 513 1203 locis:
538 1147 588 1203 sed
610 1165 683 1221 aqua
704 1145 801 1217 haeret,
817 1156 849 1204 ut

62 1243 158 1301 aiunt:
180 1263 245 1300 nam
260 1242 309 1318 qui
322 1254 417 1319 potest
437 1243 653 1319 temperantiam
673 1242 792 1300 laudare
813 1243 847 1316 is,
865 1257 896 1306 10

61 1340 108 1414 qui
129 1351 217 1416 ponat
238 1359 379 1397 summum
401 1341 508 1396 bonum
530 1339 560 1397 in
581 1339 746 1414 vuluptatel
794 1339 848 1397 Est
880 1416 883 1421 Ι

60 1436 138 1493 enim
158 1437 348 1511 temperantia
370 1436 521 1493 libidinum
550 1435 684 1507 inimica;
712 1434 847 1495 libidines

61 1544 156 1590 autem
171 1533 396 1590 consectatrices
411 1533 571 1608 voluptatis.

99 1609 198 1703 Atqrie
219 1630 248 1687 in
269 1628 314 1686 his
334 1640 429 1687 tamen
444 1631 534 1688 tribus
554 1631 717 1706 generibus,
732 1648 847 1706 quoquo

59 1727 147 1783 modo
183 1735 312 1799 possunt,
348 1744 406 1782 non
443 1725 578 1783 incallide
614 1726 846 1804 tergiversantur.
863 1741 894 1789 15

59 1822 245 1879 Prudentiam
271 1821 467 1892 introducunt,
492 1822 642 1879 scientiam
667 1823 848 1898 suppeditan-

58 1929 116 1976 tem
132 1919 301 1993 voluptates,
319 1918 507 1993 depellentem
529 1918 652 1975 dolores.
693 1918 848 1977 Fortitudi-

58 2035 125 2073 nem
146 2033 261 2090 quoque
284 2014 378 2089 aliquo
405 2014 491 2070 modo
518 2014 684 2088 expediunt,
706 2033 772 2072 cum
793 2026 848 2072 tra·

59 2111 141 2182 dunt,
162 2110 302 2167 rationem
326 2109 506 2186 negligenda}
528 2109 637 2180 mortis,
658 2110 848 2184 perpetiendi·

58 2225 113 2281 que
128 2206 241 2263 doloris.
283 2204 378 2262 Etiam
394 2203 610 2279 temperantiam
626 2203 777 2275 inducunt,
789 2184 893 2267 nenati

59 2302 197 2359 facillime
217 2301 258 2358 illi
277 2301 403 2376 quidem,
425 2301 475 2358 sed
496 2310 592 2356 tamen
618 2318 734 2374 quoquo
761 2299 847 2357 modo

57 2407 195 2472 possunt:
217 2397 318 2453 dicunt
339 2396 426 2467 enirn,
445 2395 598 2472 voluptatis
618 2395 846 2471 magnitudinem

59 2493 166 2551 doloris
188 2493 367 2549 detractione
388 2492 471 2549 liniri.
519 2491 638 2549 lustitia
657 2491 781 2561 vacillat,
801 2490 845 2548 vel

56 2589 132 2666 jacet
152 2589 259 2666 potius,
274 2607 429 2664 omnesque
450 2607 491 2645 eae
504 2586 633 2658 virtutes,
649 2606 711 2661 quae
725 2587 755 2644 in
770 2605 847 2644 com·

59 2687 199 2744 munitate
234 2695 401 2755 cernuntur,
435 2695 463 2741 et
497 2684 527 2741 in
560 2683 699 2741 societate
733 2683 847 2760 generis
861 2697 893 2747 25

59 2781 185 2842 humani.
235 2780 340 2855 Neque
361 2781 438 2838 enim
459 2779 583 2853 bonitas,
604 2798 660 2837 nac
681 2779 846 2854 liberalitas,

58 2896 113 2941 nec
126 2878 260 2950 comitas,
271 2894 334 2934 esse
348 2887 449 2953 potest,
461 2895 519 2935 non
532 2876 596 2954 plus
610 2895 695 2952 quam
710 2875 856 2946 micitia,
