1904 3750
56 248 123 309 un
359 247 404 297 ne
422 247 568 297 osricus.
859 238 901 305 π

57 395 168 454 similes
198 414 265 455 esse
288 395 457 467 videamnr;
487 407 537 455 aut
566 396 597 455 in
621 395 853 456 festinationibus

59 493 254 570 suscipiamus
274 493 382 551 nimias
401 493 579 564 celeritatem
603 513 668 571 quae
688 494 851 566 cumbunt,

60 591 206 648 anhelitus
232 599 399 660 moventur,
422 591 516 648 vultus
542 603 698 663 mutantur,
720 610 772 651 ora
797 602 853 650 tor-

59 696 200 760 quentur:
223 705 260 743 ex
280 686 388 761 quibus
408 704 514 762 magna
534 687 710 764 significatio
729 687 771 760 fit,
792 699 852 746 non

61 783 160 840 edesse
187 782 395 842 constantiam.
436 783 496 839 Sed
525 784 617 841 multo
646 785 733 842 etiarn
760 784 883 862 magist

60 878 267 936 elaborandum
289 888 346 948 est,
360 897 398 936 ne
412 879 499 937 animi
513 890 608 937 motus
622 880 754 938 anaturd
774 900 853 941 rece·

61 976 145 1034 dant:
177 977 256 1051 quod
285 994 481 1050 assequemur,
506 977 531 1034 si
558 978 733 1049 cavebimus,
757 998 795 1037 ne
821 979 852 1036 in

59 1073 290 1148 perturbationes
313 1082 398 1146 atque
421 1073 649 1130 exanimationes
673 1073 851 1144 incidamus}

61 1180 86 1227 et
99 1170 123 1228 si
138 1180 266 1228 attentos
283 1167 396 1226 enimes
413 1169 449 1226 ad
468 1170 582 1226 decoris
604 1170 852 1227 conservationem

60 1268 228 1325 tenebimus.
273 1265 376 1322 Motus
404 1275 499 1324 autern
530 1267 691 1324 animorum
722 1265 852 1341 duplices
867 1276 898 1330 lo

60 1375 139 1433 sunt;
163 1363 247 1421 alteri
263 1361 459 1437 cogitationis,
474 1363 555 1421 alteri
572 1362 723 1439 appetitis.
764 1361 852 1440 Cogis

59 1460 127 1517 tatio
141 1460 172 1517 in
184 1479 256 1518 vero
271 1457 448 1533 exquirendo
462 1460 586 1517 maxime
601 1470 745 1517 versatur:
767 1477 851 1535 appe·

57 1557 124 1614 titus
138 1557 265 1634 impellit
280 1555 317 1612 ad
333 1555 493 1630 agendum:
514 1557 674 1615 curandum
694 1567 738 1615 est
751 1557 849 1634 igitur,

59 1664 88 1711 ut
100 1653 283 1731 cogitatione
298 1650 394 1708 adres
408 1671 493 1727 quam
510 1653 633 1728 optimas
651 1663 781 1725 utamur3
802 1673 850 1730 ep·

58 1751 173 1826 petitum
188 1747 301 1810 rationi
315 1747 499 1806 obedientem
511 1751 697 1826 praebeemus,
866 1763 896 1823 ut

94 1941 262 2006 XXXVII,
291 1939 341 2012 Et,
364 1941 499 2015 quoniam
520 1961 627 2020 magna
645 1943 690 2001 vls
711 1942 850 2002 orationis

59 2050 108 2110 est,
123 2058 217 2114 eaque
233 2037 350 2112 duplex,
367 2037 456 2095 alteru
471 2039 675 2110 contentionis,
690 2040 780 2098 altera
792 2057 851 2097 sen·

60 2136 150 2193 monis
158 2155 166 2205 ;
189 2130 340 2191 contentio
354 2132 609 2208 disceptationibus
623 2133 764 2193 tribuatur
775 2133 850 2209 judis

61 2231 182 2294 ciorum,
199 2229 388 2300 concionum,
403 2229 535 2298 senatds3
557 2245 652 2285 sermo
672 2228 702 2285 in
721 2228 849 2301 circulis,

61 2326 315 2404 disputationibus,
323 2325 576 2402 congressionibus
586 2324 779 2395 familiarium,
790 2342 851 2383 vers
863 2333 896 2385 20

62 2434 153 2493 retur,
174 2429 365 2498 persequatur
376 2421 462 2479 etiam
474 2421 613 2485 convivia.
648 2419 851 2484 Contentionis

62 2531 205 2595 praecepta
221 2518 372 2576 rhetorum
386 2528 470 2587 sunt;
491 2516 571 2575 nulla
585 2517 742 2588 sermonis;
763 2535 853 2592 queue

63 2636 146 2690 quam
171 2615 249 2672 haud
277 2612 340 2670 scio
363 2631 399 2670 an
421 2613 534 2689 possint
557 2613 754 2689 huncquoque
777 2629 849 2672 esse.

62 2714 120 2770 Sed
150 2709 327 2770 discentium
356 2710 459 2767 studiis
488 2709 673 2768 inveniuntur
703 2708 849 2785 magistri:

62 2808 129 2867 huic
150 2818 247 2866 autern
267 2805 317 2882 qui
338 2806 483 2877 studeant,
505 2816 572 2863 sunt
592 2804 680 2863 nulli:
702 2805 850 2863 rhetorum
862 2807 895 2870 ἢ

62 2906 146 2970 turbe
166 2904 275 2971 referta
295 2901 410 2967 omnia:
431 2920 604 2987 quanquam,
617 2920 681 2988 que
699 2901 850 2971 verborum
