1904 3750
67 601 108 660 44
404 611 448 658 nn
466 609 612 657 ormena.
830 610 870 671 [n.
881 614 899 664 1.

114 760 168 817 bus
181 769 285 836 egent3
307 769 336 816 et
355 759 433 834 quia,
447 759 472 817 si
492 759 562 834 quid
581 757 692 816 adversi
706 758 830 830 eveniat,
844 767 898 816 tam

114 857 238 934 graviter
267 856 371 913 cadere
400 874 460 913 non
486 865 614 932 possunt.
655 855 817 927 Quocirca,
846 875 896 913 nor

114 953 176 1010 sine
192 953 280 1010 causa
294 953 415 1028 majores
430 963 523 1010 motus
534 953 695 1009 animorum
710 953 894 1010 concitantur

114 1049 279 1124 majoraque
299 1045 461 1122 efficienda,
489 1049 696 1126 rempublicam
726 1050 894 1126 gerentibus

83 1151 100 1199 5
114 1164 200 1219 quam
213 1145 335 1221 quietis3
357 1163 414 1221 quo
427 1145 520 1222 magis
534 1145 579 1202 bis
592 1155 622 1202 et
635 1146 805 1222 magnitudo
817 1147 893 1203 anim

114 1251 158 1298 est
173 1242 345 1314 adhibenda,
360 1252 389 1299 et
403 1243 532 1300 vacuitas
547 1243 583 1299 ab
598 1243 761 1319 angoribus.

153 1339 201 1394 Ad
223 1330 283 1396 rein
303 1339 460 1416 gerendam
481 1349 576 1397 autem
590 1339 639 1415 qui
654 1340 778 1412 accedit,
794 1350 891 1398 caveat

114 1453 152 1492 ne
166 1435 195 1491 id
211 1435 296 1492 modo
311 1436 485 1508 consideret,
500 1426 585 1511 quam
600 1436 649 1493 illa
662 1454 708 1492 res
722 1437 844 1494 honesta
857 1437 890 1494 sit

114 1531 165 1587 sed
187 1531 284 1603 etiam,
307 1541 339 1589 ut
360 1532 464 1589 habeat
486 1532 631 1589 efficiendi
653 1532 827 1591 facultatem.
869 1532 888 1590 Ii

69 1638 100 1687 10
115 1646 172 1701 quo
192 1628 254 1704 ipso
275 1628 517 1685 considerandum
538 1638 591 1699 est,
606 1633 643 1685 n'e
659 1638 707 1686 aut
721 1639 827 1686 temere
842 1629 888 1686 des

114 1736 204 1800 peret,
219 1734 333 1801 propter
349 1724 502 1801 ignaviam,
516 1737 564 1782 aut
578 1726 664 1782 nimis
675 1725 811 1796 confidat,
823 1744 887 1801 prop

114 1830 157 1878 ter
185 1821 380 1896 cupiditatem.
423 1820 458 1877 In
484 1821 618 1878 omnibus
647 1830 741 1878 autem
768 1823 886 1898 negotiis

74 1989 80 2002 ⁴
114 1917 203 1991 priuS,
218 1936 302 1992 quam
315 1917 492 1993 aggrediare,
506 1918 668 1975 adhibenda
678 1933 721 1974 est
734 1919 884 1994 praeparati

115 2013 247 2090 diligens.

71 2223 101 2271 15
155 2206 255 2264 XXII.
279 2207 347 2278 Sed,
364 2227 430 2265 curn
450 2209 579 2284 plerique
601 2210 772 2266 arbitrentur
786 2229 832 2266 res
846 2210 881 2266 be

116 2303 187 2359 licas
208 2303 331 2378 majores
352 2323 513 2380 essequam
529 2307 669 2377 urbanas;
692 2307 878 2363 minuendae

116 2401 178 2456 haec
192 2401 298 2476 opinio.
341 2401 427 2459 Multi
449 2403 525 2459 enirn
547 2403 623 2460 bella
643 2422 718 2479 saepe
731 2404 879 2478 quaesierur

115 2509 229 2572 propter
250 2498 349 2574 gloriae
370 2500 574 2575 cupiditatem3
598 2511 682 2575 atque
702 2500 730 2556 id
750 2501 777 2557 in
794 2520 878 2576 magn

117 2594 220 2651 animis
243 2595 423 2672 ingeniisque
446 2597 614 2672 plerumque
636 2597 789 2672 contingit,
813 2616 877 2672 eoqr

69 2698 102 2747 20
117 2691 219 2767 magia,
242 2692 266 2748 si
289 2702 356 2749 sunt
375 2694 410 2750 ad
432 2712 491 2749 rem
507 2692 659 2749 militarem
680 2692 748 2767 apti,
764 2703 792 2748 et
807 2693 874 2768 cupi

117 2788 257 2844 bellorum
273 2790 472 2865 gerendorum.
514 2790 592 2845 Vere
615 2798 709 2845 autern
732 2788 755 2844 si
776 2789 876 2845 volumi

117 2884 255 2957 iudicare,
274 2885 370 2942 multae
392 2905 436 2942 res
458 2886 628 2942 exstiterunt
647 2886 762 2942 urbanae
786 2886 874 2959 major

117 2981 310 3054 clarioresque
324 3001 407 3055 quarn
423 2981 543 3037 bellicae.
583 2981 725 3042 Quamvis
740 2981 817 3037 enim
828 2981 874 3038 Th

117 3076 262 3133 mistocles
281 3077 344 3151 jure
364 3077 505 3146 laudetur,
521 3087 550 3134 et
564 3077 601 3134 sit
615 3077 676 3152 ejus
690 3096 806 3148 nornen,
821 3098 873 3153 qua

71 3182 103 3234 25
119 3172 244 3243 Solonis,
261 3173 407 3244 illustrius,
423 3173 585 3249 citcturque
604 3173 727 3232 Salamis
742 3174 872 3231 clarissin

118 3268 199 3324 testis
212 3269 350 3341 victoriae,
364 3290 427 3346 quae
443 3281 632 3347 anteponatur
643 3271 766 3328 consilio
780 3272 869 3329 Solon

102 3360 142 3430 8¹}
160 3381 220 3436 qvo
230 3366 363 3441 primum
378 3367 532 3428 constituit
551 3368 760 3446 areopagitam
782 3387 870 3428 nonu
