1904 3750
55 249 81 296 ι.
91 249 123 310 ι]
352 241 396 288 nn
414 241 559 288 osmcns.
856 226 896 285 45

55 413 108 450 nus
128 391 306 469 praeclarum
320 390 386 461 hoc,
400 409 486 464 quam
500 389 581 462 illud,
593 389 783 466 judicandum
797 399 848 448 est.

56 491 130 548 Illud
153 490 236 547 enim
258 487 347 544 semel
364 488 487 562 prosuit3
510 487 567 544 hoc
588 506 699 563 semper
720 487 850 563 proderit

57 587 185 644 civitati:
216 586 274 642 hoe
296 584 419 641 consilio
439 584 519 660 leges
538 584 772 655 Atheniensium,
792 585 849 641 hoc

56 685 198 761 majorum
221 682 362 751 instituta,
377 691 534 738 servantur.
575 681 614 738 Et
633 681 848 739 Themistocles

56 781 172 855 quidem
194 778 269 836 nihil
285 777 398 848 dixerit,
413 777 443 834 in
458 797 513 852 quo
527 777 588 853 ipse
601 779 786 855 Areopagum
802 777 878 837 ad·5

53 877 175 952 juverit;
199 885 228 934 at
242 874 292 931 ille
306 893 381 945 vere,
398 893 455 931 ase
467 875 593 950 adjutum
608 875 847 932 Themistoclem.

56 973 107 1030 Est
129 973 209 1030 enirn
233 971 342 1028 bellum
361 980 473 1047 gestum
495 962 620 1028 consilio
638 971 754 1029 senatuis
774 971 847 1048 ejus,

56 1070 102 1144 qui
119 1088 136 1127 a
151 1068 264 1126 Solone
279 1077 340 1125 erat
355 1067 535 1125 constitutus.

93 1166 181 1223 Licet
195 1165 301 1223 eadem
312 1163 347 1220 de
357 1163 501 1222 Pausania
515 1163 721 1239 Lysandroque
733 1163 846 1234 dicere;

56 1282 176 1337 quorum
191 1262 281 1319 rebus
294 1261 383 1337 gestis
397 1280 559 1337 quanquam
575 1260 726 1336 imperium
743 1257 847 1334 [Lace-
862 1261 893 1312 10

56 1360 210 1439 demonis]
228 1358 378 1415 dilatatum
398 1367 530 1432 putatur3
551 1368 647 1415 tamen
669 1375 706 1414 ne
727 1356 848 1414 minime

56 1456 172 1530 quidem
193 1474 230 1512 ex
249 1464 332 1530 parte
351 1454 478 1530 Lycurgi
503 1454 616 1531 legibus
636 1463 666 1512 et
687 1453 847 1530 disciplinae

56 1551 227 1609 conserendi
237 1561 313 1608 sunt.
346 1551 529 1621 Quinetiam,
538 1551 576 1608 ob
587 1552 638 1609 has
647 1551 723 1627 ipsas
734 1570 847 1623 causas,

56 1659 83 1706 et
101 1649 286 1724 parentiores
307 1647 468 1704 habuerunt
488 1647 640 1720 exercitus,
655 1658 685 1706 et
706 1649 845 1706 fortiores.

57 1743 130 1802 Mihi
155 1745 274 1821 quidem
297 1763 401 1819 neque,
421 1744 518 1820 pueris
539 1745 633 1817 nobis,
654 1745 696 1804 M.
719 1747 846 1804 Scaurus
862 1748 892 1797 15

58 1842 89 1899 C.
106 1841 214 1912 Mario,
230 1860 335 1916 neque,
351 1860 417 1899 eum
437 1860 614 1899 versaremur
634 1843 664 1898 in
686 1842 845 1918 republica,

56 1938 94 2000 Q.
102 1940 227 1997 Catulus
236 1939 292 1995 Cn.
302 1937 450 2014 Pompeio,
461 1938 564 1995 cedere
574 1939 730 1997 videbatur.
761 1939 846 1997 Parvi

57 2037 134 2093 enim
159 2048 227 2093 sunt
250 2034 320 2092 foris
343 2053 430 2106 arma,
449 2035 505 2091 nisi
527 2045 571 2092 est
589 2036 741 2094 consilium
760 2036 845 2094 domi.

59 2130 122 2189 Nec
143 2133 210 2208 plus
231 2131 399 2202 Africanus,
415 2131 568 2208 singularis
585 2141 615 2188 et
628 2131 670 2188 vir
684 2142 713 2189 et
727 2132 847 2205 impera·

60 2237 108 2300 tor,
125 2229 155 2286 in
177 2228 341 2286 excidenda
362 2228 523 2285 Numantia
545 2227 710 2303 reipublicae
729 2227 846 2302 profuit,
861 2237 893 2285 20

60 2343 141 2398 quarn
163 2325 267 2382 eodem
287 2333 418 2399 rempore
437 2324 470 2381 P.
491 2323 603 2382 Nasica
621 2323 758 2398 privatus,
780 2342 847 2381 cum

60 2419 104 2479 Ti.
119 2422 289 2480 Gracchum
305 2421 465 2478 interemit:
487 2439 648 2496 quanquam
660 2420 722 2476 haee
733 2418 847 2494 quidem

60 2537 101 2575 res
114 2539 173 2576 non
187 2519 284 2576 solum
298 2537 334 2574 ex
348 2517 508 2574 domestice
522 2527 565 2574 est
583 2516 712 2573 ratione:
734 2514 848 2590 attingit

60 2616 142 2672 etiam
164 2615 312 2684 bellicam,
341 2613 476 2689 quoniam
497 2613 525 2671 vi
549 2632 692 2688 manuque
716 2610 849 2670 confecta

61 2722 117 2768 est:
139 2711 191 2768 sed
205 2722 305 2768 tamen
320 2709 349 2765 id
364 2708 457 2783 ipsum
472 2702 584 2786 gestum
604 2718 648 2765 est
668 2707 790 2767 consilio
804 2727 849 2764 ur-
862 2725 895 2774 25

60 2806 141 2884 bano,
156 2808 221 2865 sine
236 2805 377 2864 exercitu.

94 2904 171 2964 Illud
188 2915 286 2962 autem
301 2902 441 2978 optimum
455 2911 509 2973 est,
521 2902 551 2960 iu
561 2901 639 2977 quod
650 2901 746 2960 invadi
756 2901 849 2960 solere

62 3003 92 3061 ab
105 3002 246 3080 improbis
260 3010 291 3058 et
303 2998 411 3059 invidis
425 2999 530 3064 sudio:
