1904 3750
82 589 124 650 86
355 638 358 643 .
413 600 457 649 nn
474 600 621 649 enricus.
851 601 891 661 [ι.
901 601 921 647 1.

168 749 278 808 XLIV.
300 748 398 828 Atque
418 750 470 823 illi,
484 770 604 828 quorum
624 749 721 808 studia
733 759 847 826 vitaque
861 768 923 807 cm·

129 847 175 905 nis
195 847 224 904 in
245 866 340 904 rerum
362 847 530 925 cognitione
552 857 664 906 versata
689 858 743 920 est,
764 857 861 904 tamen
885 846 922 904 ah

131 945 270 1022 augendis
284 945 434 1002 hominum
454 944 627 1003 utilitatibus
641 955 671 1002 et
684 944 842 1003 commodis
861 963 923 1002 non

129 1052 319 1099 recesserunt.
360 1041 439 1099 Nam
463 1052 492 1100 et
518 1041 703 1100 erudiverunt
729 1041 924 1116 multos,un

98 1139 263 1196 emeliores
284 1139 372 1212 cives,
393 1139 579 1215 utilioresque
599 1139 686 1196 rebus
713 1138 773 1195 suis
796 1138 923 1213 publicis

64 1252 67 1258 ·
130 1246 248 1306 essent;
288 1246 320 1294 ut
357 1236 533 1294 Thebanum
570 1235 802 1312 Epaminondam
839 1234 925 1311 Lysis

130 1331 338 1410 Pythagoreus,
360 1333 547 1408 Syracusium
567 1332 693 1390 Dionem
715 1331 807 1403 Plato,
829 1332 926 1391 multi-

130 1449 186 1504 que
206 1431 328 1487 multos:
351 1449 460 1506 nosque
479 1429 544 1505 ipsi,
559 1429 699 1505 quidquid
720 1428 755 1486 ad
771 1428 924 1504 rempubli-

131 1546 196 1584 cam
225 1527 381 1599 attulimus,
404 1525 440 1604 (si
469 1526 556 1584 modo
584 1526 692 1601 aliquid
720 1526 880 1606 attulimus)
906 1545 924 1584 a

85 1625 116 1674 1⁰
131 1624 299 1682 doctoribus
321 1635 404 1700 atque
426 1642 443 1680 a
463 1623 596 1680 doctrina
620 1623 763 1695 instructi,
785 1623 821 1680 ad
847 1642 922 1695 eam,

131 1734 160 1778 et
180 1721 282 1793 ornati,
305 1721 488 1778 accessimus.
530 1719 634 1795 Neque
654 1721 748 1777 solum
767 1721 822 1778 vivi
838 1731 920 1795 atque

130 1830 286 1893 presentes
323 1818 463 1875 studiosos
501 1817 633 1874 discendi
667 1817 803 1875 erudiunt
838 1830 918 1892 atque

131 1914 254 1983 docent;
293 1914 343 1970 sed
378 1915 435 1971 hoc
470 1915 546 1971 idem
580 1914 667 1971 etiam
700 1925 764 1990 post
800 1927 916 1971 morten

131 2011 317 2068 monimentis
343 2011 490 2069 literarum
519 2024 717 2086 assequuntur.
757 2011 824 2069 Nec
845 2011 913 2069 enin

85 2116 116 2164 15
131 2109 212 2166 locus
246 2109 321 2165 ullus
353 2108 563 2184 pretermissus
596 2118 640 2165 est
673 2109 709 2166 ab
736 2109 781 2179 iis,
810 2109 859 2183 qui
887 2128 911 2166 at

131 2205 220 2281 leges,
248 2205 297 2279 qui
326 2205 361 2262 ad
389 2224 491 2276 moreS,
519 2205 568 2280 qui
597 2206 632 2262 ad
660 2205 841 2280 disciplinam
870 2205 909 2263 rei

130 2301 264 2376 publica,
278 2302 451 2376 pertineret;
473 2313 505 2359 ut
519 2303 609 2358 otium
631 2321 713 2360 suum
736 2303 771 2359 ad
791 2312 906 2359 nostrur

131 2397 280 2475 negotium
315 2398 473 2456 contulisse
502 2398 660 2456 videantur.
716 2398 763 2456 Ita
790 2399 830 2456 illi
859 2399 901 2476 ips

132 2495 271 2553 doctrinae
286 2497 388 2554 studiis
402 2507 431 2553 et
445 2496 593 2572 sapientiae
607 2495 707 2563 dediti,
723 2496 758 2552 ad
773 2496 901 2553 hominm

84 2605 116 2654 20
132 2594 284 2651 utilitatem
318 2614 399 2651 suam
434 2594 653 2670 intelligentiam
684 2593 898 2669 prudentiamqu

130 2691 311 2766 potissimum
349 2692 510 2749 conserunt.
565 2690 613 2747 Ob
650 2709 770 2765 eamque
805 2709 896 2748 causa

131 2788 228 2863 eloqui
262 2787 388 2864 copiose,
416 2789 502 2845 modo
536 2788 701 2862 prudenter,
730 2787 833 2845 melius
868 2806 894 2843 ea

131 2904 216 2959 qnam
237 2884 280 2941 vel
303 2884 467 2941 acutissime
495 2884 557 2941 sine
584 2883 749 2958 eloquentia
776 2884 891 2960 cogitari

132 2982 208 3056 quod
236 2980 375 3057 cogitatio
402 2980 432 3036 in
460 2999 491 3036 se
519 2981 580 3055 ipsa
607 2981 736 3052 vertitur,
759 2981 889 3056 eloquent

85 3087 117 3135 25
132 3078 332 3153 complectitur
346 3096 405 3147 eos,
421 3077 593 3151 quibuscum
608 3077 815 3134 communitate
826 3077 887 3153 jun«

132 3192 239 3231 smnus.
279 3174 386 3248 Atque,
401 3184 431 3230 ut
453 3192 537 3248 apum
556 3173 689 3231 examina
702 3193 761 3230 non
775 3174 885 3251 fingent

131 3288 195 3326 rum
210 3270 338 3328 favorum
353 3269 441 3327 causa
456 3279 678 3348 congregantur,
692 3270 753 3342 sed,
768 3289 836 3330 cum
852 3288 882 3329 c<
