1904 3750
98 246 139 306 84
298 262 436 322 umarus
457 264 532 311 srvi:
552 264 596 311 ou
616 263 775 312 Aurcmu,

146 409 273 468 amicitia
296 411 377 483 fines,
402 422 431 469 et
454 413 535 487 quasi
558 412 684 484 termini,
709 411 865 488 diligendi:
896 413 933 470 de

144 508 247 584 quibus
257 518 315 566 tres
324 509 408 566 video
419 511 575 567 sententias
587 510 670 580 ferri;
692 528 811 585 quarum
822 509 932 567 nullam

142 605 252 680 probo:
274 623 371 676 unam,
386 616 418 662 ut
438 607 540 663 eodem
561 607 647 664 modo
665 625 734 683 erga
753 606 877 663 amicum
893 607 933 664 af·

143 701 212 758 secti
232 701 331 772 simus,
345 719 402 775 quo
423 721 492 779 erga
512 712 624 759 uosmet
639 703 733 778 ipe0s3
757 703 885 774 alteram,
900 713 931 760 ut

111 800 240 853 5nostra
260 797 289 853 in
311 798 420 855 amicos
441 799 641 856 benevolentia
662 799 775 856 illorum
794 818 865 876 erga
878 818 930 856 nos

142 893 349 951 benevolentia
374 882 480 969 pariter
508 895 709 970 aequaliterque
739 897 928 970 respoudeat;

63 1045 67 1050 .
141 990 263 1060 tertiam,
279 1000 320 1063 ut,
335 991 433 1066 quanti
447 992 566 1068 quisque
580 1010 611 1048 se
625 992 685 1066 ipse
700 992 780 1063 facit,
792 993 866 1049 tenti
881 993 929 1049 fiat

142 1087 177 1143 ab
192 1087 302 1144 amicis.

181 1182 292 1240 Harum
307 1185 392 1241 trium
407 1186 613 1242 sententiarum
625 1185 697 1241 nulli
707 1203 823 1260 prorsus
835 1205 929 1242 asseu-

95 1278 125 1326 10
140 1278 202 1336 tior.
244 1278 310 1335 Nec
330 1281 406 1336 enim
422 1280 470 1337 illa
483 1281 576 1355 prima
589 1299 656 1336 vera
669 1290 722 1349 est,
737 1291 778 1350 ut,
794 1281 929 1354 quemad-

139 1375 257 1431 modum
269 1375 298 1431 in
310 1394 340 1432 se
351 1376 480 1451 quisque,
491 1377 533 1432 sic
544 1377 574 1432 in
588 1377 713 1432 amicum
727 1377 764 1432 sit
776 1377 926 1433 animatus.

138 1471 238 1530 Quam
259 1471 350 1528 multa
369 1472 456 1543 enim,
472 1491 535 1546 quae
555 1473 653 1528 nostra
673 1473 762 1529 causa
781 1492 927 1547 nunquam

139 1565 307 1636 faceremus
324 1567 445 1623 facimus
460 1568 548 1623 causti
563 1568 743 1624 amicorum?
763 1570 876 1643 precari
892 1570 927 1625 ab

138 1661 267 1735 indigno,
289 1663 467 1736 supplicare;
498 1674 557 1719 tum
587 1665 719 1719 acerbius
744 1665 773 1721 iu
803 1666 927 1740 aliquem

91 1754 121 1800 15
138 1757 243 1827 invehi,
260 1758 450 1831 insectarique
465 1759 678 1817 vehementius:
701 1779 763 1834 quae
778 1761 807 1816 in
823 1763 926 1818 nostris

136 1855 222 1909 rebus
233 1873 291 1910 non
303 1855 371 1910 satis
382 1855 511 1926 honeste,
524 1856 553 1912 in
569 1856 725 1912 amicorum
738 1857 809 1912 fiunt
825 1858 927 1915 hones·

137 1951 253 2007 tissime.
295 1950 395 2007 Multae
417 1970 529 2026 quoque
550 1963 691 2022 recount,
714 1953 743 2008 in
765 1954 869 2026 quibus
890 1955 925 2010 de

137 2049 195 2103 suis
210 2048 369 2104 commodis
384 2048 436 2103 viri
458 2048 525 2104 boni
547 2049 636 2104 multa
654 2049 817 2118 detrahunt,
834 2051 926 2107 detra·

137 2145 221 2219 hique
241 2145 397 2219 patiuntur,
417 2155 449 2200 ut
470 2145 505 2200 iis
527 2144 611 2200 amici
631 2146 737 2219 potius,
753 2164 837 2218 quam
860 2147 924 2219 ipsi,

88 2240 119 2288 20
136 2242 274 2298 fruantur.

175 2339 275 2394 Altera
303 2339 446 2394 sententia
472 2349 524 2408 est,
554 2357 616 2411 quae
645 2338 744 2393 definit
765 2338 921 2394 amicitiam

133 2435 249 2508 paribus
276 2434 378 2491 officiis
407 2454 440 2489 ac
464 2434 668 2490 voluntatibus.
711 2434 778 2490 Hoc
805 2436 920 2509 quidem

134 2542 176 2586 est
197 2531 282 2586 nimis
303 2532 406 2606 exigue
428 2542 456 2586 ct
477 2530 589 2586 exiliter
610 2531 645 2586 ad
667 2531 795 2586 calculos
817 2550 920 2587 vocare

134 2628 300 2696 amicitiam,
316 2638 347 2683 ut
366 2647 417 2702 par
438 2628 474 2683 sit
496 2628 569 2683 ratio
591 2639 776 2701 acceptorum
796 2639 824 2683 et
842 2629 920 2684 dato·

84 2719 116 2766 25
133 2744 203 2781 rum.
251 2724 346 2780 Ditior
377 2725 448 2780 mihi
475 2735 504 2780 ct
532 2725 692 2781 affluentior
719 2725 830 2780 videtur
858 2744 919 2780 esse

75 2826 82 2835 “
132 2841 198 2877 vora
219 2822 364 2890 amicitia;
386 2840 441 2877 nec
462 2822 613 2878 observare
634 2821 775 2889 restricte,
797 2839 834 2875 ne
855 2822 918 2894 pius

124 2917 238 2990 reddat,
255 2938 340 2995 quam
356 2918 509 2993 acceperit.
552 2918 655 2992 Neque
670 2918 745 2972 enim
762 2918 916 2974 verendum

115 3026 173 3088 cst,
192 3039 230 3076 nc
254 3019 328 3098 quid
351 3017 483 3087 excidat,
495 3024 547 3073 aut
563 3033 603 3070 ue
614 3014 684 3086 quin
696 3014 733 3068 'm
746 3023 854 3069 terram
871 3014 918 3073 de-
