<?xml version="1.0" encoding="UTF-8"?>
<!DOCTYPE html PUBLIC "-//W3C//DTD XHTML 1.0 Transitional//EN"
    "http://www.w3.org/TR/xhtml1/DTD/xhtml1-transitional.dtd">
<html xmlns="http://www.w3.org/1999/xhtml" xml:lang="en" lang="en">
 <head>
  <title>
</title>
<meta http-equiv="Content-Type" content="text/html;charset=utf-8" />
  <meta name='ocr-system' content='tesseract 3.04.00' />
  <meta name='ocr-capabilities' content='ocr_page ocr_carea ocr_par ocr_line ocrx_word'/>
</head>
<body>
  <div class='ocr_page' id='page_1' title='image "./mtciceronisdeof00dillgoog/mtciceronisdeof00dillgoog_0374.png"; bbox 0 0 1904 3750; ppageno 0'>
   <div class='ocr_carea' id='block_1_1' title="bbox 216 254 887 340">
    <p class='ocr_par' dir='ltr' id='par_1_1' title="bbox 216 254 887 340">
     <span class='ocr_line' id='line_1_1' title="bbox 216 254 887 340; baseline -0.001 -13"><span class='ocrx_word' id='word_1_1' title='bbox 216 281 353 340; x_wconf 72' lang='lat' dir='ltr'><strong>anime,</strong></span> <span class='ocrx_word' id='word_1_2' title='bbox 372 281 446 328; x_wconf 84' lang='lat' dir='ltr'><strong>srvu</strong></span> <span class='ocrx_word' id='word_1_3' title='bbox 465 280 509 326; x_wconf 82' lang='lat' dir='ltr'><strong>nu</strong></span> <span class='ocrx_word' id='word_1_4' title='bbox 528 278 685 327; x_wconf 75' lang='lat' dir='ltr'><strong>auroram¹</strong></span> <span class='ocrx_word' id='word_1_5' title='bbox 846 254 887 326; x_wconf 74' lang='grc'><strong>69</strong></span> 
     </span>
    </p>
   </div>
   <div class='ocr_carea' id='block_1_2' title="bbox 57 427 873 1082">
    <p class='ocr_par' dir='ltr' id='par_1_2' title="bbox 57 427 873 1082">
     <span class='ocr_line' id='line_1_2' title="bbox 57 427 844 505; baseline 0.001 -20"><span class='ocrx_word' id='word_1_6' title='bbox 57 428 243 505; x_wconf 89' lang='lat' dir='ltr'><strong>disputatum,</strong></span> <span class='ocrx_word' id='word_1_7' title='bbox 259 429 394 487; x_wconf 81' lang='lat' dir='ltr'><strong>affuisses.</strong></span> <span class='ocrx_word' id='word_1_8' title='bbox 435 427 541 489; x_wconf 80' lang='lat' dir='ltr'><strong>Qualis</strong></span> <span class='ocrx_word' id='word_1_9' title='bbox 554 437 616 485; x_wconf 89' lang='lat' dir='ltr'><strong>tum</strong></span> <span class='ocrx_word' id='word_1_10' title='bbox 630 436 768 502; x_wconf 79' lang='lat' dir='ltr'><strong>patronus</strong></span> <span class='ocrx_word' id='word_1_11' title='bbox 785 427 844 503; x_wconf 81' lang='lat' dir='ltr'><strong>jus·</strong></span> 
     </span>
     <span class='ocr_line' id='line_1_3' title="bbox 58 524 769 583; baseline -0.001 -1"><span class='ocrx_word' id='word_1_12' title='bbox 58 525 128 583; x_wconf 80' lang='lat' dir='ltr'><strong>titiae</strong></span> <span class='ocrx_word' id='word_1_13' title='bbox 143 525 196 583; x_wconf 89' lang='lat' dir='ltr'><strong>fuit</strong></span> <span class='ocrx_word' id='word_1_14' title='bbox 211 535 312 583; x_wconf 90' lang='lat' dir='ltr'><strong>contra</strong></span> <span class='ocrx_word' id='word_1_15' title='bbox 327 535 490 583; x_wconf 84' lang='lat' dir='ltr'><strong>accuratam</strong></span> <span class='ocrx_word' id='word_1_16' title='bbox 505 524 665 582; x_wconf 90' lang='lat' dir='ltr'><strong>orationem</strong></span> <span class='ocrx_word' id='word_1_17' title='bbox 678 524 769 581; x_wconf 91' lang='lat' dir='ltr'><strong>Philil</strong></span> 
     </span>
     <span class='ocr_line' id='line_1_4' title="bbox 96 619 844 697; baseline -0.001 -19"><span class='ocrx_word' id='word_1_18' title='bbox 96 621 239 678; x_wconf 83' lang='lat' dir='ltr'><strong>Fannius.</strong></span> <span class='ocrx_word' id='word_1_19' title='bbox 276 620 375 678; x_wconf 87' lang='lat' dir='ltr'><strong>Facile</strong></span> <span class='ocrx_word' id='word_1_20' title='bbox 390 621 419 677; x_wconf 92' lang='lat' dir='ltr'><strong>id</strong></span> <span class='ocrx_word' id='word_1_21' title='bbox 433 620 547 696; x_wconf 93' lang='lat' dir='ltr'><strong>quidem</strong></span> <span class='ocrx_word' id='word_1_22' title='bbox 560 619 623 691; x_wconf 84' lang='lat' dir='ltr'><strong>fuit,</strong></span> <span class='ocrx_word' id='word_1_23' title='bbox 635 619 774 696; x_wconf 81' lang='lat' dir='ltr'><strong>justitiam</strong></span> <span class='ocrx_word' id='word_1_24' title='bbox 786 619 844 697; x_wconf 82' lang='lat' dir='ltr'><strong>jus·</strong></span> 
     </span>
     <span class='ocr_line' id='line_1_5' title="bbox 58 716 420 774; baseline 0 -1"><span class='ocrx_word' id='word_1_25' title='bbox 58 716 169 774; x_wconf 81' lang='lat' dir='ltr'><strong>tissimo</strong></span> <span class='ocrx_word' id='word_1_26' title='bbox 183 717 244 774; x_wconf 88' lang='lat' dir='ltr'><strong>viro</strong></span> <span class='ocrx_word' id='word_1_27' title='bbox 258 717 420 774; x_wconf 84' lang='lat' dir='ltr'>defendere.</span> 
     </span>
     <span class='ocr_line' id='line_1_6' title="bbox 98 812 873 886; baseline -0.004 -17"><span class='ocrx_word' id='word_1_28' title='bbox 98 812 233 871; x_wconf 80' lang='lat' dir='ltr'><strong>Scoeoola.</strong></span> <span class='ocrx_word' id='word_1_29' title='bbox 274 812 358 875; x_wconf 83' lang='lat' dir='ltr'><strong>Quid</strong></span> <span class='ocrx_word' id='word_1_30' title='bbox 379 812 561 870; x_wconf 70' lang='lat' dir='ltr'><strong>amicitiam?</strong></span> <span class='ocrx_word' id='word_1_31' title='bbox 582 830 679 869; x_wconf 89' lang='lat' dir='ltr'><strong>nonne</strong></span> <span class='ocrx_word' id='word_1_32' title='bbox 700 812 785 871; x_wconf 82' lang='lat' dir='ltr'><strong>facile</strong></span> <span class='ocrx_word' id='word_1_33' title='bbox 805 812 873 886; x_wconf 83' lang='lat' dir='ltr'><strong>ei‚5</strong></span> 
     </span>
     <span class='ocr_line' id='line_1_7' title="bbox 58 909 844 985; baseline 0.003 -19"><span class='ocrx_word' id='word_1_34' title='bbox 58 909 106 984; x_wconf 90' lang='lat' dir='ltr'><strong>qui</strong></span> <span class='ocrx_word' id='word_1_35' title='bbox 127 909 165 967; x_wconf 93' lang='lat' dir='ltr'><strong>ob</strong></span> <span class='ocrx_word' id='word_1_36' title='bbox 185 928 249 966; x_wconf 93' lang='lat' dir='ltr'><strong>earn</strong></span> <span class='ocrx_word' id='word_1_37' title='bbox 264 910 376 967; x_wconf 67' lang='lat' dir='ltr'><strong>summi</strong></span> <span class='ocrx_word' id='word_1_38' title='bbox 399 909 465 980; x_wconf 85' lang='lat' dir='ltr'><strong>fide,</strong></span> <span class='ocrx_word' id='word_1_39' title='bbox 485 909 658 980; x_wconf 68' lang='lat' dir='ltr'><strong>constantia,</strong></span> <span class='ocrx_word' id='word_1_40' title='bbox 676 909 844 985; x_wconf 67' lang='lat' dir='ltr'><strong>justitiaque</strong></span> 
     </span>
     <span class='ocr_line' id='line_1_8' title="bbox 58 1000 705 1082; baseline 0.003 -19"><span class='ocrx_word' id='word_1_41' title='bbox 58 1016 208 1077; x_wconf 82' lang='lat' dir='ltr'><strong>servatam,</strong></span> <span class='ocrx_word' id='word_1_42' title='bbox 223 1006 376 1063; x_wconf 84' lang='lat' dir='ltr'><strong>maximam</strong></span> <span class='ocrx_word' id='word_1_43' title='bbox 391 1006 511 1082; x_wconf 83' lang='lat' dir='ltr'><strong>gloriam</strong></span> <span class='ocrx_word' id='word_1_44' title='bbox 526 1005 655 1079; x_wconf 85' lang='lat' dir='ltr'><strong>ceperitl</strong></span> <span class='ocrx_word' id='word_1_45' title='bbox 676 1000 705 1037; x_wconf 69' lang='lat'><strong>‘²‘</strong></span> 
     </span>
    </p>
   </div>
   <div class='ocr_carea' id='block_1_3' title="bbox 56 1197 891 3083">
    <p class='ocr_par' dir='ltr' id='par_1_3' title="bbox 56 1197 890 1642">
     <span class='ocr_line' id='line_1_9' title="bbox 97 1197 843 1273; baseline 0.001 -18"><span class='ocrx_word' id='word_1_46' title='bbox 97 1197 180 1256; x_wconf 89' lang='lat' dir='ltr'>VIII.</span> <span class='ocrx_word' id='word_1_47' title='bbox 222 1198 340 1257; x_wconf 80' lang='lat' dir='ltr'><strong>Laelins.</strong></span> <span class='ocrx_word' id='word_1_48' title='bbox 381 1197 450 1255; x_wconf 86' lang='lat' dir='ltr'><strong>Vim</strong></span> <span class='ocrx_word' id='word_1_49' title='bbox 471 1198 528 1254; x_wconf 90' lang='lat' dir='ltr'><strong>hoc</strong></span> <span class='ocrx_word' id='word_1_50' title='bbox 547 1197 663 1273; x_wconf 89' lang='lat' dir='ltr'><strong>quidem</strong></span> <span class='ocrx_word' id='word_1_51' title='bbox 676 1208 720 1255; x_wconf 86' lang='lat' dir='ltr'><strong>est</strong></span> <span class='ocrx_word' id='word_1_52' title='bbox 735 1198 843 1256; x_wconf 84' lang='lat' dir='ltr'><strong>afferre.</strong></span> 
     </span>
     <span class='ocr_line' id='line_1_10' title="bbox 56 1294 845 1371; baseline -0.003 -17"><span class='ocrx_word' id='word_1_53' title='bbox 56 1294 140 1356; x_wconf 79' lang='lat' dir='ltr'><strong>Quid</strong></span> <span class='ocrx_word' id='word_1_54' title='bbox 151 1295 228 1352; x_wconf 91' lang='lat' dir='ltr'><strong>enim</strong></span> <span class='ocrx_word' id='word_1_55' title='bbox 239 1294 400 1370; x_wconf 65' lang='lat' dir='ltr'><strong>refertque</strong></span> <span class='ocrx_word' id='word_1_56' title='bbox 411 1313 457 1350; x_wconf 92' lang='lat' dir='ltr'><strong>me</strong></span> <span class='ocrx_word' id='word_1_57' title='bbox 468 1294 580 1352; x_wconf 86' lang='lat' dir='ltr'><strong>ratione</strong></span> <span class='ocrx_word' id='word_1_58' title='bbox 591 1294 719 1371; x_wconf 70' lang='lat' dir='ltr'><strong>cogatis?</strong></span> <span class='ocrx_word' id='word_1_59' title='bbox 741 1294 845 1371; x_wconf 80' lang='lat' dir='ltr'><strong>cogitis</strong></span> 
     </span>
     <span class='ocr_line' id='line_1_11' title="bbox 57 1390 890 1468; baseline -0.006 -19"><span class='ocrx_word' id='word_1_60' title='bbox 57 1400 146 1449; x_wconf 89' lang='lat' dir='ltr'><strong>certe.</strong></span> <span class='ocrx_word' id='word_1_61' title='bbox 188 1391 299 1449; x_wconf 85' lang='lat' dir='ltr'><strong>Studiis</strong></span> <span class='ocrx_word' id='word_1_62' title='bbox 312 1392 389 1448; x_wconf 89' lang='lat' dir='ltr'><strong>enim</strong></span> <span class='ocrx_word' id='word_1_63' title='bbox 403 1410 584 1468; x_wconf 83' lang='lat' dir='ltr'><strong>generorum,</strong></span> <span class='ocrx_word' id='word_1_64' title='bbox 597 1390 756 1467; x_wconf 72' lang='lat' dir='ltr'><strong>prasertim</strong></span> <span class='ocrx_word' id='word_1_65' title='bbox 770 1390 800 1447; x_wconf 93' lang='lat' dir='ltr'><strong>in</strong></span> <span class='ocrx_word' id='word_1_66' title='bbox 813 1409 846 1448; x_wconf 93' lang='lat' dir='ltr'><strong>re</strong></span> <span class='ocrx_word' id='word_1_67' title='bbox 858 1394 890 1445; x_wconf 83' lang='lat'><strong>10</strong></span> 
     </span>
     <span class='ocr_line' id='line_1_12' title="bbox 57 1486 844 1564; baseline 0 -19"><span class='ocrx_word' id='word_1_68' title='bbox 57 1488 144 1559; x_wconf 67' lang='lat' dir='ltr'><strong>boul,</strong></span> <span class='ocrx_word' id='word_1_69' title='bbox 161 1507 229 1545; x_wconf 91' lang='lat' dir='ltr'><strong>cum</strong></span> <span class='ocrx_word' id='word_1_70' title='bbox 247 1487 363 1545; x_wconf 84' lang='lat' dir='ltr'><strong>difficile</strong></span> <span class='ocrx_word' id='word_1_71' title='bbox 384 1497 436 1560; x_wconf 84' lang='lat' dir='ltr'><strong>est,</strong></span> <span class='ocrx_word' id='word_1_72' title='bbox 452 1497 514 1545; x_wconf 86' lang='lat' dir='ltr'><strong>tum</strong></span> <span class='ocrx_word' id='word_1_73' title='bbox 534 1507 572 1545; x_wconf 92' lang='lat' dir='ltr'><strong>ne</strong></span> <span class='ocrx_word' id='word_1_74' title='bbox 593 1505 705 1564; x_wconf 83' lang='lat' dir='ltr'><strong>aequum</strong></span> <span class='ocrx_word' id='word_1_75' title='bbox 719 1486 844 1563; x_wconf 88' lang='lat' dir='ltr'><strong>quidem,</strong></span> 
     </span>
     <span class='ocr_line' id='line_1_13' title="bbox 57 1584 205 1642; baseline 0.007 -2"><span class='ocrx_word' id='word_1_76' title='bbox 57 1584 205 1642; x_wconf 86' lang='lat' dir='ltr'><strong>obsistere.</strong></span> 
     </span>
    </p>

    <p class='ocr_par' dir='ltr' id='par_1_4' title="bbox 57 1678 891 3083">
     <span class='ocr_line' id='line_1_14' title="bbox 98 1678 845 1757; baseline 0 -21"><span class='ocrx_word' id='word_1_77' title='bbox 98 1680 262 1755; x_wconf 83' lang='lat' dir='ltr'><strong>Saepissime</strong></span> <span class='ocrx_word' id='word_1_78' title='bbox 282 1679 369 1756; x_wconf 82' lang='lat' dir='ltr'><strong>igitur</strong></span> <span class='ocrx_word' id='word_1_79' title='bbox 389 1681 471 1752; x_wconf 91' lang='lat' dir='ltr'><strong>mihi,</strong></span> <span class='ocrx_word' id='word_1_80' title='bbox 488 1680 524 1737; x_wconf 91' lang='lat' dir='ltr'><strong>de</strong></span> <span class='ocrx_word' id='word_1_81' title='bbox 546 1680 674 1738; x_wconf 72' lang='lat' dir='ltr'><strong>amicitih</strong></span> <span class='ocrx_word' id='word_1_82' title='bbox 694 1678 845 1757; x_wconf 81' lang='lat' dir='ltr'><strong>cogitanti,</strong></span> 
     </span>
     <span class='ocr_line' id='line_1_15' title="bbox 59 1775 845 1847; baseline 0.001 -16"><span class='ocrx_word' id='word_1_83' title='bbox 59 1775 182 1832; x_wconf 86' lang='lat' dir='ltr'><strong>maxime</strong></span> <span class='ocrx_word' id='word_1_84' title='bbox 203 1775 274 1832; x_wconf 92' lang='lat' dir='ltr'><strong>illud</strong></span> <span class='ocrx_word' id='word_1_85' title='bbox 295 1776 536 1835; x_wconf 85' lang='lat' dir='ltr'><strong>considerandum</strong></span> <span class='ocrx_word' id='word_1_86' title='bbox 555 1777 646 1834; x_wconf 89' lang='lat' dir='ltr'><strong>videri</strong></span> <span class='ocrx_word' id='word_1_87' title='bbox 666 1776 748 1847; x_wconf 87' lang='lat' dir='ltr'><strong>solet,</strong></span> <span class='ocrx_word' id='word_1_88' title='bbox 765 1794 845 1847; x_wconf 90' lang='lat' dir='ltr'><strong>num,</strong></span> 
     </span>
     <span class='ocr_line' id='line_1_16' title="bbox 58 1871 890 1948; baseline 0.004 -21"><span class='ocrx_word' id='word_1_89' title='bbox 58 1881 175 1947; x_wconf 86' lang='lat' dir='ltr'><strong>propter</strong></span> <span class='ocrx_word' id='word_1_90' title='bbox 189 1871 414 1930; x_wconf 83' lang='lat' dir='ltr'><strong>imbecillitatem</strong></span> <span class='ocrx_word' id='word_1_91' title='bbox 433 1882 518 1947; x_wconf 84' lang='lat' dir='ltr'><strong>atque</strong></span> <span class='ocrx_word' id='word_1_92' title='bbox 532 1873 669 1948; x_wconf 87' lang='lat' dir='ltr'><strong>inopiam,</strong></span> <span class='ocrx_word' id='word_1_93' title='bbox 685 1872 847 1930; x_wconf 84' lang='lat' dir='ltr'><strong>desiderata</strong></span> <span class='ocrx_word' id='word_1_94' title='bbox 859 1881 890 1930; x_wconf 82' lang='grc'><strong>15</strong></span> 
     </span>
     <span class='ocr_line' id='line_1_17' title="bbox 59 1966 845 2043; baseline 0 -19"><span class='ocrx_word' id='word_1_95' title='bbox 59 1966 97 2024; x_wconf 83' lang='lat' dir='ltr'><strong>ait</strong></span> <span class='ocrx_word' id='word_1_96' title='bbox 118 1967 260 2038; x_wconf 88' lang='lat' dir='ltr'><strong>amicitia;</strong></span> <span class='ocrx_word' id='word_1_97' title='bbox 288 1978 330 2039; x_wconf 89' lang='lat' dir='ltr'><strong>ut,</strong></span> <span class='ocrx_word' id='word_1_98' title='bbox 352 1969 454 2026; x_wconf 88' lang='lat' dir='ltr'><strong>dandis</strong></span> <span class='ocrx_word' id='word_1_99' title='bbox 474 1968 705 2043; x_wconf 85' lang='lat' dir='ltr'><strong>recipiendisque</strong></span> <span class='ocrx_word' id='word_1_100' title='bbox 725 1968 845 2039; x_wconf 79' lang='lat' dir='ltr'><strong>meritis,</strong></span> 
     </span>
     <span class='ocr_line' id='line_1_18' title="bbox 59 2063 847 2141; baseline -0.001 -21"><span class='ocrx_word' id='word_1_101' title='bbox 59 2063 136 2137; x_wconf 91' lang='lat' dir='ltr'><strong>quod</strong></span> <span class='ocrx_word' id='word_1_102' title='bbox 148 2064 268 2138; x_wconf 79' lang='lat' dir='ltr'><strong>quisque</strong></span> <span class='ocrx_word' id='word_1_103' title='bbox 278 2065 373 2122; x_wconf 87' lang='lat' dir='ltr'><strong>minus</strong></span> <span class='ocrx_word' id='word_1_104' title='bbox 386 2084 437 2140; x_wconf 93' lang='lat' dir='ltr'><strong>per</strong></span> <span class='ocrx_word' id='word_1_105' title='bbox 451 2065 558 2141; x_wconf 80' lang='lat' dir='ltr'><strong>seipse</strong></span> <span class='ocrx_word' id='word_1_106' title='bbox 571 2073 678 2140; x_wconf 86' lang='lat' dir='ltr'><strong>posset,</strong></span> <span class='ocrx_word' id='word_1_107' title='bbox 690 2063 719 2120; x_wconf 91' lang='lat' dir='ltr'><strong>id</strong></span> <span class='ocrx_word' id='word_1_108' title='bbox 735 2063 847 2137; x_wconf 88' lang='lat' dir='ltr'><strong>accipe-</strong></span> 
     </span>
     <span class='ocr_line' id='line_1_19' title="bbox 58 2157 847 2234; baseline -0.001 -18"><span class='ocrx_word' id='word_1_109' title='bbox 58 2169 103 2216; x_wconf 92' lang='lat' dir='ltr'><strong>ret</strong></span> <span class='ocrx_word' id='word_1_110' title='bbox 124 2160 159 2216; x_wconf 92' lang='lat' dir='ltr'><strong>ab</strong></span> <span class='ocrx_word' id='word_1_111' title='bbox 180 2159 245 2231; x_wconf 86' lang='lat' dir='ltr'><strong>alio,</strong></span> <span class='ocrx_word' id='word_1_112' title='bbox 262 2161 446 2234; x_wconf 86' lang='lat' dir='ltr'><strong>vicissimque</strong></span> <span class='ocrx_word' id='word_1_113' title='bbox 466 2161 614 2228; x_wconf 83' lang='lat' dir='ltr'><strong>redderet3</strong></span> <span class='ocrx_word' id='word_1_114' title='bbox 637 2178 673 2215; x_wconf 91' lang='lat' dir='ltr'><strong>an</strong></span> <span class='ocrx_word' id='word_1_115' title='bbox 693 2168 769 2214; x_wconf 89' lang='lat' dir='ltr'><strong>esset</strong></span> <span class='ocrx_word' id='word_1_116' title='bbox 789 2157 847 2215; x_wconf 91' lang='lat' dir='ltr'><strong>hoc</strong></span> 
     </span>
     <span class='ocr_line' id='line_1_20' title="bbox 59 2253 847 2331; baseline -0.005 -18"><span class='ocrx_word' id='word_1_117' title='bbox 59 2256 175 2329; x_wconf 89' lang='lat' dir='ltr'><strong>quidem</strong></span> <span class='ocrx_word' id='word_1_118' title='bbox 198 2256 344 2331; x_wconf 92' lang='lat' dir='ltr'><strong>proprium</strong></span> <span class='ocrx_word' id='word_1_119' title='bbox 373 2256 530 2324; x_wconf 69' lang='lat' dir='ltr'><strong>amicitia;</strong></span> <span class='ocrx_word' id='word_1_120' title='bbox 562 2254 613 2311; x_wconf 85' lang='lat' dir='ltr'><strong>aed</strong></span> <span class='ocrx_word' id='word_1_121' title='bbox 639 2253 792 2328; x_wconf 88' lang='lat' dir='ltr'><strong>antiquior,</strong></span> <span class='ocrx_word' id='word_1_122' title='bbox 817 2262 847 2309; x_wconf 88' lang='lat' dir='ltr'><strong>et</strong></span> 
     </span>
     <span class='ocr_line' id='line_1_21' title="bbox 57 2348 890 2428; baseline -0.001 -19"><span class='ocrx_word' id='word_1_123' title='bbox 57 2352 216 2427; x_wconf 87' lang='lat' dir='ltr'><strong>pulchrior,</strong></span> <span class='ocrx_word' id='word_1_124' title='bbox 233 2363 262 2409; x_wconf 93' lang='lat' dir='ltr'><strong>et</strong></span> <span class='ocrx_word' id='word_1_125' title='bbox 280 2352 373 2428; x_wconf 83' lang='lat' dir='ltr'><strong>magis</strong></span> <span class='ocrx_word' id='word_1_126' title='bbox 394 2372 411 2410; x_wconf 93' lang='lat' dir='ltr'><strong>a</strong></span> <span class='ocrx_word' id='word_1_127' title='bbox 430 2352 533 2409; x_wconf 75' lang='lat' dir='ltr'><strong>naturai</strong></span> <span class='ocrx_word' id='word_1_128' title='bbox 554 2351 616 2426; x_wconf 70' lang='lat' dir='ltr'><strong>ipsh</strong></span> <span class='ocrx_word' id='word_1_129' title='bbox 635 2350 776 2426; x_wconf 89' lang='lat' dir='ltr'><strong>prosecta,</strong></span> <span class='ocrx_word' id='word_1_130' title='bbox 792 2348 847 2406; x_wconf 91' lang='lat' dir='ltr'><strong>alia</strong></span> <span class='ocrx_word' id='word_1_131' title='bbox 859 2358 890 2408; x_wconf 76' lang='lat'><strong>20</strong></span> 
     </span>
     <span class='ocr_line' id='line_1_22' title="bbox 59 2446 845 2524; baseline -0.003 -20"><span class='ocrx_word' id='word_1_132' title='bbox 59 2466 155 2507; x_wconf 83' lang='lat' dir='ltr'><strong>causa.</strong></span> <span class='ocrx_word' id='word_1_133' title='bbox 197 2449 287 2506; x_wconf 89' lang='lat' dir='ltr'><strong>Amor</strong></span> <span class='ocrx_word' id='word_1_134' title='bbox 308 2449 385 2505; x_wconf 87' lang='lat' dir='ltr'><strong>enirn</strong></span> <span class='ocrx_word' id='word_1_135' title='bbox 405 2447 455 2523; x_wconf 84' lang='lat' dir='ltr'><strong>(ex</strong></span> <span class='ocrx_word' id='word_1_136' title='bbox 471 2466 529 2522; x_wconf 91' lang='lat' dir='ltr'><strong>quo</strong></span> <span class='ocrx_word' id='word_1_137' title='bbox 544 2447 672 2504; x_wconf 86' lang='lat' dir='ltr'><strong>amicitia</strong></span> <span class='ocrx_word' id='word_1_138' title='bbox 683 2446 845 2524; x_wconf 89' lang='lat' dir='ltr'><strong>nominata)</strong></span> 
     </span>
     <span class='ocr_line' id='line_1_23' title="bbox 58 2540 845 2620; baseline -0.003 -20"><span class='ocrx_word' id='word_1_139' title='bbox 58 2544 193 2620; x_wconf 78' lang='lat' dir='ltr'><strong>princepe</strong></span> <span class='ocrx_word' id='word_1_140' title='bbox 217 2555 261 2602; x_wconf 89' lang='lat' dir='ltr'><strong>est</strong></span> <span class='ocrx_word' id='word_1_141' title='bbox 286 2544 321 2601; x_wconf 86' lang='lat' dir='ltr'><strong>ad</strong></span> <span class='ocrx_word' id='word_1_142' title='bbox 345 2543 576 2600; x_wconf 87' lang='lat' dir='ltr'><strong>benevolentiam</strong></span> <span class='ocrx_word' id='word_1_143' title='bbox 604 2540 845 2618; x_wconf 84' lang='lat' dir='ltr'><strong>conjungendam.</strong></span> 
     </span>
     <span class='ocr_line' id='line_1_24' title="bbox 59 2637 847 2715; baseline -0.004 -19"><span class='ocrx_word' id='word_1_144' title='bbox 59 2638 137 2697; x_wconf 90' lang='lat' dir='ltr'><strong>Nam</strong></span> <span class='ocrx_word' id='word_1_145' title='bbox 151 2640 289 2698; x_wconf 85' lang='lat' dir='ltr'><strong>utilitates</strong></span> <span class='ocrx_word' id='word_1_146' title='bbox 303 2639 420 2715; x_wconf 91' lang='lat' dir='ltr'><strong>quidem</strong></span> <span class='ocrx_word' id='word_1_147' title='bbox 433 2639 521 2695; x_wconf 82' lang='lat' dir='ltr'><strong>etiam</strong></span> <span class='ocrx_word' id='word_1_148' title='bbox 541 2639 576 2696; x_wconf 89' lang='lat' dir='ltr'><strong>ab</strong></span> <span class='ocrx_word' id='word_1_149' title='bbox 595 2638 631 2695; x_wconf 86' lang='lat' dir='ltr'><strong>iis</strong></span> <span class='ocrx_word' id='word_1_150' title='bbox 648 2637 847 2714; x_wconf 90' lang='lat' dir='ltr'><strong>percipiuntur</strong></span> 
     </span>
     <span class='ocr_line' id='line_1_25' title="bbox 59 2732 848 2812; baseline -0.008 -18"><span class='ocrx_word' id='word_1_151' title='bbox 59 2754 144 2812; x_wconf 70' lang='lat' dir='ltr'><strong>sepe,</strong></span> <span class='ocrx_word' id='word_1_152' title='bbox 155 2737 204 2812; x_wconf 92' lang='lat' dir='ltr'><strong>qui</strong></span> <span class='ocrx_word' id='word_1_153' title='bbox 218 2736 400 2794; x_wconf 84' lang='lat' dir='ltr'><strong>simulatione</strong></span> <span class='ocrx_word' id='word_1_154' title='bbox 416 2735 549 2791; x_wconf 79' lang='lat' dir='ltr'><strong>amicitiae</strong></span> <span class='ocrx_word' id='word_1_155' title='bbox 560 2734 694 2791; x_wconf 90' lang='lat' dir='ltr'><strong>coluntur</strong></span> <span class='ocrx_word' id='word_1_156' title='bbox 708 2742 738 2789; x_wconf 91' lang='lat' dir='ltr'><strong>et</strong></span> <span class='ocrx_word' id='word_1_157' title='bbox 751 2732 848 2789; x_wconf 86' lang='lat' dir='ltr'><strong>obser·</strong></span> 
     </span>
     <span class='ocr_line' id='line_1_26' title="bbox 58 2826 891 2906; baseline -0.004 -18"><span class='ocrx_word' id='word_1_158' title='bbox 58 2844 161 2891; x_wconf 79' lang='lat' dir='ltr'><strong>rantur</strong></span> <span class='ocrx_word' id='word_1_159' title='bbox 178 2833 266 2890; x_wconf 74' lang='lat' dir='ltr'><strong>causat</strong></span> <span class='ocrx_word' id='word_1_160' title='bbox 281 2831 419 2906; x_wconf 83' lang='lat' dir='ltr'><strong>temporis</strong></span> <span class='ocrx_word' id='word_1_161' title='bbox 431 2826 448 2887; x_wconf 84' lang='lat'><strong>:&#39;</strong></span> <span class='ocrx_word' id='word_1_162' title='bbox 459 2831 489 2887; x_wconf 94' lang='lat' dir='ltr'><strong>in</strong></span> <span class='ocrx_word' id='word_1_163' title='bbox 511 2829 639 2887; x_wconf 67' lang='lat' dir='ltr'><strong>amicitie</strong></span> <span class='ocrx_word' id='word_1_164' title='bbox 655 2840 760 2900; x_wconf 88' lang='lat' dir='ltr'><strong>autem,</strong></span> <span class='ocrx_word' id='word_1_165' title='bbox 774 2827 846 2886; x_wconf 93' lang='lat' dir='ltr'><strong>nihil</strong></span> <span class='ocrx_word' id='word_1_166' title='bbox 859 2844 891 2894; x_wconf 73' lang='lat'><strong>25</strong></span> 
     </span>
     <span class='ocr_line' id='line_1_27' title="bbox 59 2925 851 3002; baseline -0.006 -15"><span class='ocrx_word' id='word_1_167' title='bbox 59 2927 169 3000; x_wconf 89' lang='lat' dir='ltr'><strong>lictum,</strong></span> <span class='ocrx_word' id='word_1_168' title='bbox 183 2928 255 2986; x_wconf 92' lang='lat' dir='ltr'><strong>nihil</strong></span> <span class='ocrx_word' id='word_1_169' title='bbox 270 2927 451 2984; x_wconf 88' lang='lat' dir='ltr'><strong>simulatum:</strong></span> <span class='ocrx_word' id='word_1_170' title='bbox 473 2937 511 2998; x_wconf 91' lang='lat' dir='ltr'><strong>et,</strong></span> <span class='ocrx_word' id='word_1_171' title='bbox 526 2925 666 3002; x_wconf 90' lang='lat' dir='ltr'><strong>quidquid</strong></span> <span class='ocrx_word' id='word_1_172' title='bbox 686 2925 716 2984; x_wconf 93' lang='lat' dir='ltr'><strong>in</strong></span> <span class='ocrx_word' id='word_1_173' title='bbox 736 2925 772 2984; x_wconf 70' lang='lat' dir='ltr'><strong>et</strong></span> <span class='ocrx_word' id='word_1_174' title='bbox 791 2933 851 2996; x_wconf 77' lang='lat' dir='ltr'><strong>ert,</strong></span> 
     </span>
     <span class='ocr_line' id='line_1_28' title="bbox 59 3021 526 3083; baseline 0.004 -3"><span class='ocrx_word' id='word_1_175' title='bbox 59 3021 147 3082; x_wconf 76' lang='lat' dir='ltr'><strong>idest</strong></span> <span class='ocrx_word' id='word_1_176' title='bbox 161 3043 257 3082; x_wconf 82' lang='lat' dir='ltr'><strong>rerum</strong></span> <span class='ocrx_word' id='word_1_177' title='bbox 273 3032 303 3081; x_wconf 86' lang='lat' dir='ltr'><strong>et</strong></span> <span class='ocrx_word' id='word_1_178' title='bbox 316 3021 526 3083; x_wconf 84' lang='lat' dir='ltr'><strong>voluntarium.</strong></span> 
     </span>
    </p>
   </div>
   <div class='ocr_carea' id='block_1_4' title="bbox 0 0 959 3750">
    <p class='ocr_par' dir='ltr' id='par_1_5' title="bbox 0 0 959 3750">
     <span class='ocr_line' id='line_1_29' title="bbox 0 0 959 3750; baseline 0 0"><span class='ocrx_word' id='word_1_179' title='bbox 0 0 959 3750; x_wconf 95' lang='lat' dir='ltr'><strong> </strong></span> 
     </span>
    </p>
   </div>
  </div>
 </body>
</html>
