1904 3750
79 249 120 309 22
358 264 447 311 ciro
466 262 582 325 Maron,
602 262 665 313 snu

111 406 253 468 ‚lacertos
285 428 353 468 suos
379 411 495 485 dicitur,
523 412 763 489 illacrymansque
796 411 913 485 dixisse,

129 509 148 537 ⁴⁴
159 504 200 562 At
220 507 250 563 hi
271 507 387 581 quidem
404 507 464 584 jam
484 509 589 566 mortui
611 510 704 566 sunt.''
756 506 826 565 Non
847 526 915 566 vero

129 610 188 660 tam
203 603 259 674 isti,
274 620 359 679 qnam
380 607 496 680 tuipse,
511 615 651 681 nugator:
673 605 860 679 nequeenim
880 623 916 661 ex

128 707 158 755 te
178 718 304 774 unquam
332 719 363 758 es
383 702 559 773 nobilitatus,
581 701 632 758 sed
659 719 696 757 ex
722 700 861 758 lateribus
887 710 917 758 et

96 792 244 851 §lacertis
264 796 330 853 tuis.
371 795 453 854 Nihil
475 798 506 854 S.
528 797 624 854 AElius
644 796 711 868 tale,
726 796 797 853 nihil
819 797 916 854 multis

130 891 212 948 annis
227 902 293 950 ante
306 893 355 951 Ti.
371 894 583 965 Coruncanius,
598 893 669 950 nihil
684 893 771 950 modo
785 893 817 950 P.
833 893 917 950 Cras·

129 1006 193 1057 sus;
230 1008 247 1045 a
273 989 377 1064 quibus
407 990 473 1066 jura
499 990 610 1047 civibus
640 989 916 1064 prescribebantur3

130 1101 251 1158 quorum
272 1105 362 1161 usque
384 1087 419 1144 ad
443 1096 602 1144 extremum
622 1085 753 1162 spiritum
783 1095 827 1142 est
854 1103 917 1161 prc-

130 1191 213 1238 vecta
225 1181 386 1257 prudentia.

83 1292 114 1342 10
170 1277 286 1350 Orator,
307 1288 415 1351 metuo,
437 1298 474 1336 ne
493 1280 663 1357 languescat
682 1287 850 1336 senectute:
875 1286 919 1335 est

130 1373 208 1431 enim
222 1394 326 1433 munus
340 1376 401 1451 ejus
418 1395 477 1433 non
492 1376 601 1455 ingenii
614 1376 717 1447 solum,
732 1375 783 1432 sed
797 1374 919 1432 laterum

130 1470 217 1526 etiam
231 1481 259 1527 et
273 1471 384 1529 virium.
425 1472 554 1529 Omnino
568 1489 707 1528 canorum
722 1470 792 1528 illud
807 1471 837 1528 in
848 1489 920 1528 voce

130 1564 305 1638 splendescit
324 1567 421 1638 etiam,
442 1568 620 1641 nescioquo
645 1577 742 1643 pacto,
763 1567 793 1625 in
821 1586 921 1624 senec·

130 1672 191 1721 tute
200 1683 207 1732 ;
230 1663 306 1737 quod
321 1663 454 1738 equidem
470 1664 565 1720 adhuc
579 1681 638 1721 non
654 1664 752 1721 amisi:
774 1673 803 1720 et
817 1664 920 1720 ridetis

85 1771 115 1820 15
133 1779 240 1818 annos:
263 1760 312 1816 sed
327 1769 423 1817 tamen
438 1770 482 1816 est
498 1760 621 1818 decorus
641 1779 736 1817 sermo
751 1760 828 1817 senis
843 1762 921 1835 quie·

132 1868 178 1914 tus
192 1866 221 1912 et
235 1855 386 1925 remissus;
409 1856 534 1930 facitque
554 1875 682 1932 persaepe
697 1856 760 1932 ipsa'
772 1857 827 1913 sibi
843 1857 922 1912 audi·

133 1953 239 2010 entiam
250 1952 347 2008 diserti
360 1953 436 2008 senis
448 1963 563 2027 compta
573 1962 603 2008 et
613 1952 690 2008 mitis
701 1953 801 2009 oratio.
829 1951 921 2013 Quod

132 2050 157 2107 si
178 2051 238 2125 ipse
260 2049 376 2123 exsequi
397 2067 533 2123 nequeas,
553 2049 647 2124 possis
667 2058 763 2106 tamen
788 2048 921 2123 Scipioni

132 2146 298 2222 praecipere,
313 2154 342 2200 et
363 2143 460 2201 Laelio.
501 2143 584 2205 Quid
605 2144 683 2201 enim
703 2154 747 2201 est
763 2143 922 2220 jucundius

85 2239 117 2287 2⁰
134 2252 282 2299 senectute
297 2241 400 2316 stipati
415 2241 516 2297 studiis
533 2240 711 2316 juventutisl

48 2325 58 2335 ’
172 2338 221 2395 An
236 2357 273 2394 ne
284 2356 333 2394 eas
345 2337 460 2411 quidem
470 2338 545 2393 vires
559 2336 702 2394 senectuti
716 2336 921 2410 relinquemus,

135 2445 167 2491 ut
201 2433 429 2490 adolescentulos
463 2433 576 2504 doceat,
604 2433 744 2504 instituat,
774 2432 807 2489 ad
836 2451 923 2489 omne

135 2530 223 2586 officii
244 2548 348 2586 munus
368 2529 511 2585 instruatl
532 2547 589 2603 quo
609 2529 726 2602 quidem
746 2546 833 2603 opere
855 2528 923 2602 quid

134 2635 311 2701 potestesse
338 2623 525 2699 praeclariusl
580 2622 655 2680 Mihi
675 2642 743 2680 vero
764 2622 818 2679 Cn.
840 2633 870 2679 et
890 2622 921 2680 P.

87 2727 119 2775 25
135 2720 297 2795 Scipiones,
313 2728 342 2775 et
356 2720 401 2777 avi
415 2719 457 2776 tui
471 2719 540 2789 duo,
555 2718 588 2776 L.
605 2719 742 2776 AEmilius
756 2729 783 2774 et
798 2718 829 2774 P.
846 2718 925 2775 Asri·

136 2835 235 2886 canus,
248 2816 386 2873 comitatu
400 2815 540 2872 nobilium
551 2815 689 2890 juvenum
700 2813 835 2872 fortunati
847 2813 924 2871 vide·

135 2912 247 2968 bantur.
289 2910 356 2968 Nec
370 2911 421 2968 ulli
437 2911 577 2969 bonarum
598 2911 701 2968 artium
715 2908 844 2985 magistri
865 2929 923 2969 non

120 3006 204 3067 beati
220 3009 360 3087 putandi,
376 3008 510 3090 quamvis
523 3005 730 3069 consenuerint
738 3005 828 3075 uires,
838 3015 924 3079 atqua
