1904 3750
58 225 152 288 nm]
360 228 402 275 nn
424 227 570 276 ormena
651 194 652 199 ἵ
835 214 891 274 1-75

58 375 176 445 tatibus,
195 374 319 446 fiduciis,
339 377 490 453 mssll‘lssfist
512 378 598 434 rebus
618 373 731 452 emptis,
750 375 847 432 randi·

59 471 105 540 tis,
121 470 284 541 conductis,
300 471 412 542 locatis,
427 471 530 546 quibus
551 472 615 528 vitae
637 472 760 529 societas
781 488 848 527 oon·

60 566 215 623 lineretur:
245 567 275 622 in
302 567 346 623 his
372 569 469 644 magni
496 587 559 624 esse
583 568 700 644 judicis,
722 577 847 623 statuere

62 661 231 737 (prasertim
254 682 320 719 eum
342 662 370 719 in
385 664 526 739 plerisque
541 675 637 721 essent
655 663 765 740 judioia
780 681 847 719 oon·

60 759 160 836 traria)
175 759 243 833 quid
266 778 407 833 quemque
428 761 533 834 cuique
547 771 680 836 praestare
694 768 845 835 oporteret.
860 766 876 815 5

97 853 251 914 Quocirca
266 854 376 911 astutiae
389 854 521 911 tollendae
536 865 611 925 sunt,
623 874 713 929 eaque
728 855 846 926 malitia,

60 969 121 1023 quae
139 950 199 1006 vult
220 950 269 1006 illa
288 951 403 1024 quidem
425 951 514 1006 videri
529 968 559 1006 se
574 968 636 1007 esse
656 951 846 1025 prudentiam,

61 1045 109 1102 sed
126 1047 206 1102 abest
222 1047 256 1102 ab
271 1047 314 1116 ea,
331 1047 471 1120 distatque
488 1047 650 1122 plurimum.
691 1046 848 1102 Prudentia

61 1151 104 1197 est
117 1141 196 1197 enim
211 1141 306 1197 locata
320 1142 349 1198 in
364 1142 479 1198 delectu
493 1142 633 1198 bonorum
648 1151 677 1197 et
691 1140 846 1196 malorum:

61 1237 170 1294 malitia
192 1237 230 1313 (si
250 1238 356 1308 omnia,
376 1256 438 1311 qnae
459 1237 554 1311 turpia
574 1246 649 1307 sunt,
672 1236 746 1293 mala
766 1238 846 1314 aunt)
862 1248 892 1297 10

61 1333 135 1390 mala
160 1334 243 1390 bonis
270 1335 350 1408 ponit
374 1345 447 1390 ante.
502 1333 568 1390 Nec
592 1353 658 1391 vero
682 1333 711 1390 in
734 1331 848 1407 praediis

60 1428 153 1486 solum
182 1429 228 1505 jus
256 1430 350 1500 civile,
378 1430 496 1487 ductum
525 1449 542 1487 a
568 1431 680 1501 naturai,
709 1429 848 1486 malitiam

61 1526 248 1599 fraudemque
275 1526 417 1595 vindieat3
446 1527 506 1598 sed,
535 1526 621 1583 etiam
642 1527 672 1584 in
693 1525 848 1603 mancipio-

60 1641 123 1679 rum
144 1622 320 1692 venditione,
338 1622 414 1678 fraus
435 1623 591 1680 venditoris
610 1624 703 1680 omnis
721 1622 848 1681 excludi·

62 1728 114 1776 tur.
169 1718 232 1779 Qui
260 1718 338 1774 enim
365 1719 440 1774 scire
464 1718 573 1789 debuit,
597 1719 633 1775 de
656 1720 786 1790 sanitate,
811 1718 847 1776 de
862 1730 893 1778 15

61 1815 140 1891 lugd,
154 1815 191 1871 de
213 1813 304 1887 furtis,
322 1825 436 1888 praestat
457 1815 553 1871 edicto
574 1816 707 1873 sedilium.
750 1815 848 1873 Haera·

60 1912 129 1968 dum
155 1910 211 1967 alia
236 1929 323 1966 eausa
346 1921 397 1968 est.
439 1911 484 1967 Ex
507 1929 563 1985 quo
584 1911 761 1988 intelligitur,
780 1928 859 1987 quo·'

59 2008 139 2066 niam
158 2006 231 2082 juris
249 2016 352 2064 natura
370 2008 433 2065 fons
451 2007 497 2076 sit,
515 2007 572 2061 hoe
583 2009 749 2064 ‘secuudum
768 2017 850 2064 natu·

59 2123 120 2162 ram
147 2122 222 2173 esse,
250 2103 396 2159 neminem
423 2102 452 2158 id
481 2118 575 2176 agere,
603 2110 634 2155 ut
661 2119 698 2156 ex
732 2100 849 2157 alterius

59 2199 204 2276 praedetur
228 2198 390 2255 inscientia.
445 2195 511 2252 Nec
536 2194 594 2250 ulla
619 2195 760 2269 pernicies
784 2194 848 2250 vitre
862 2208 894 2257 m

60 2296 152 2372 major
174 2294 297 2351 inveniri
317 2304 420 2370 potest,
435 2310 520 2366 quam
535 2290 565 2347 in
580 2289 689 2346 malitia
705 2289 849 2347 simulatio

62 2391 278 2468 intelligentie:
300 2408 335 2447 ex
349 2409 406 2465 quo
421 2389 476 2445 ista
490 2385 708 2444 innumerabilia
728 2403 850 2442 nascun-

61 2497 117 2560 tur,
138 2497 172 2544 ut
192 2487 274 2544 utilia
298 2505 364 2543 curn
387 2483 514 2543 honestis
537 2499 667 2558 pugnare
690 2481 848 2538 videantur.

60 2585 181 2648 Quotus
195 2584 272 2641 enim
287 2582 407 2656 quisque
426 2579 593 2655 reperietur,
608 2577 666 2652 qui,
682 2576 851 2652 impunitate

60 2670 92 2739 at
104 2680 286 2758 ignoratione
306 2677 434 2736 omnium
454 2673 609 2751 propositi,
625 2673 767 2732 abstinere
786 2690 851 2748 pos·
863 2686 896 2738 π

61 2778 100 2836 sit
113 2775 240 2853 injuridl

100 2963 217 3026 xvm.
238 2963 450 3039 Periclitemur,
465 2959 492 3024 si
509 2959 674 3043 plaoot,'m
688 2958 734 3022 'irs
751 2955 886 3036 amdan
