1934 3398
73 228 114 289 as
348 206 351 211 ’
407 235 451 283 nn
470 234 614 282 osricus.
835 225 906 289 [la-1·

119 400 235 461 magno,
256 383 399 458 elatoque,
420 383 616 458 humanasque
643 401 689 439 res
716 380 906 456 despiciente,

120 481 227 539 sactum
238 480 283 537 sit.
324 479 425 554 Itaque
436 480 466 536 in
476 479 587 556 probris
598 479 721 535 maxime
732 478 762 534 in
772 488 907 554 promptu

119 581 172 644 est,
187 571 212 628 si
226 571 294 646 quid
308 572 365 629 tale
380 571 439 628 dici
452 580 563 647 potest:

149 679 226 730 “Vos
237 681 339 742 etenim,
347 681 464 744 juvenes,
475 681 588 728 animum
599 679 685 744 geritis
696 679 861 740 muliebrem

86 778 102 828 5
172 761 220 810 Illa
229 762 315 826 virago
326 761 373 811 viri
380 760 413 822 ;''

117 870 147 918 et
161 860 186 918 si
199 860 267 936 quid
281 860 442 937 ejusmodi:

148 976 165 1004 “
175 973 291 1033 Salmaci,
303 973 335 1022 da
345 973 432 1036 spolia,
445 974 499 1022 sine
512 973 601 1022 sudore
612 978 638 1021 et
648 972 797 1038 sanguine.’'

118 1073 285 1148 Contraque
307 1073 337 1130 in
359 1072 503 1144 laudibus,
528 1091 592 1148 quae
618 1090 724 1149 magno
749 1071 855 1144 enimc,
877 1083 907 1130 et

118 1169 228 1228 fortiter
264 1169 494 1243 excellenterque
522 1177 604 1245 gesta
630 1177 706 1239 sunt,
734 1187 778 1239 ea,
805 1169 907 1226 nescio

71 1282 103 1332 10
119 1265 273 1340 quomodo,
295 1263 376 1338 quasi
404 1262 534 1339 pleniore
555 1281 605 1319 ore
625 1262 783 1320 laudamus.
826 1263 907 1321 Hinc

118 1362 266 1418 rhetorum
280 1359 398 1435 campus
417 1359 453 1414 de
473 1357 656 1430 Marathone,
673 1359 828 1430 Salamine,
843 1359 908 1416 Pla·

118 1456 190 1526 taeis,
201 1455 415 1530 Thermopylis,
427 1454 577 1511 Leuctris:
600 1454 668 1511 hinc
679 1464 776 1511 noster
791 1455 906 1527 Cocles,

118 1550 188 1607 hinc
207 1550 304 1621 Decii,
320 1550 389 1608 hinc
409 1550 463 1607 Cn.
485 1560 514 1607 et
534 1549 566 1607 P.
591 1550 752 1626 Scipiones,
774 1551 843 1608 hinc
863 1551 905 1610 M.

119 1644 286 1716 Marcellus,
315 1646 596 1720 innumerabilesque
625 1647 692 1704 alii:
724 1647 905 1722 maximeque

72 1752 103 1802 15
119 1741 180 1818 ipse
199 1741 321 1817 populus
349 1741 502 1799 Romanus
524 1742 611 1799 animi
632 1743 830 1820 magnitudine
859 1762 907 1799 ex·

119 1837 207 1895 cellit.
238 1837 410 1894 Declaratur
422 1847 517 1894 autem
532 1838 659 1895 studium
673 1838 784 1896 bellice
797 1838 906 1915 gloriae,

119 1932 195 2008 quod
206 1942 314 1990 statuas
324 1951 438 2007 quoque
449 1932 579 1990 videmus
593 1943 697 1990 ornatu
711 1934 770 1991 fere
780 1934 906 1992 militari.

158 2124 244 2184 XIX.
275 2125 334 2182 Sed
354 2143 390 2183 ea
411 2125 498 2183 animi
525 2125 621 2196 elatio,
642 2144 706 2200 quae
728 2126 855 2182 cernitur
876 2128 907 2183 in

118 2221 255 2299 periculis
266 2230 295 2278 et
305 2222 461 2293 laboribus,
473 2222 496 2278 si
504 2221 616 2298 justitiis
626 2231 718 2292 vacat,
730 2232 906 2297 pugnatque,

72 2337 105 2387 ρο
119 2338 179 2377 non
191 2337 245 2397 pro
258 2319 349 2376 salute
364 2318 521 2389 communi,
533 2318 584 2375 sed
596 2336 648 2394 pro
662 2316 723 2373 suis
737 2317 906 2389 commodis,

120 2415 150 2473 in
165 2415 234 2472 vitio
249 2425 300 2473 est.
342 2415 412 2472 Non
426 2415 504 2472 enim
518 2415 603 2472 modo
618 2413 647 2470 id
657 2413 770 2470 virtutis
783 2432 842 2470 non
854 2425 907 2486 est,

120 2511 171 2570 sed
203 2511 300 2589 potius
329 2510 525 2582 immanitatis,
554 2529 668 2568 omnem
700 2511 908 2568 humanitatem

120 2608 292 2682 repellentis.
333 2607 435 2682 Itaque
448 2608 537 2684 probe
551 2608 685 2665 definitur
700 2627 717 2665 a
731 2607 840 2664 Stoicis
855 2610 910 2666 lor-

121 2702 224 2776 titudo‚
247 2722 314 2760 cum
336 2722 399 2759 eam
421 2703 555 2760 virtutem
578 2723 640 2760 esse
665 2704 766 2761 dicunt
788 2723 911 2781 propug-

74 2813 107 2864 25
121 2809 238 2857 nantem
270 2818 323 2876 pro
357 2799 498 2874 aequitate.
544 2799 698 2862 Quocirca
727 2820 824 2872 nemo,
859 2801 908 2876 qui

122 2894 298 2955 fortitudinis
321 2896 443 2974 gloriam
470 2907 645 2955 consecutus
672 2907 716 2954 est
744 2897 857 2954 insidiis
880 2906 909 2953 et

122 2978 243 3065 malitia,
257 2992 373 3053 laudem
393 3001 437 3052 est
458 2993 595 3071 adeptus:
616 2993 689 3052 nihil
710 2993 788 3052 enim
809 2993 910 3052 hones·
