1904 3750
59 232 122 294 ni]
356 233 401 280 nn
422 233 567 282 omens.
860 220 897 285 tl

60 400 119 457 quae
138 392 174 438 ut
195 391 376 439 concurrant
396 381 504 453 omnia,
518 381 645 458 optabile
659 394 720 454 est;
742 384 787 441 sin
801 382 855 441 mi·

59 499 120 551 nus,
144 479 248 555 plures
275 497 382 551 causae,
411 479 599 555 majoresque,
627 482 762 557 ponderis
788 482 854 558 plus

60 577 216 634 habebunt

95 769 166 827 XV.
186 768 340 831 Quoniam
356 778 452 826 autem
466 768 580 842 vivitur,
591 789 649 828 non
664 788 730 828 uum
744 771 854 847 persee-

58 866 94 924 tie
107 867 287 937 bominibus,
301 866 447 942 planeque
460 867 645 942 sapientibus,
661 869 711 925 sed
726 886 793 926 eum
808 869 852 942 iis,
867 892 883 942 5

59 963 88 1021 in
102 964 219 1039 quibua,
233 964 375 1040 praeclare
391 963 493 1040 agitur,
508 963 532 1019 si
546 974 613 1020 eunt
633 964 788 1022 simulacra
801 966 855 1022 vir·

59 1061 143 1130 tutis3
164 1061 255 1118 etiam
278 1061 337 1117 hoe
360 1059 580 1136 intelligendum
603 1070 683 1134 puto,
707 1062 853 1119 neminem

58 1157 175 1216 omnino
189 1176 255 1214 esse
271 1156 488 1234 negligendum,
504 1156 533 1213 in
549 1172 607 1231 quo
630 1155 725 1229 aliqua
748 1156 855 1232 signifi·

60 1255 135 1312 natio
149 1254 266 1312 virtutis
282 1263 437 1330 appareat:
460 1252 613 1311 colendum
629 1261 724 1309 autem
738 1269 801 1308 esse
815 1252 855 1309 ita

59 1370 200 1426 quemque
213 1351 352 1421 maxime,
367 1350 532 1424 utquisque
549 1348 673 1406 maxime
688 1348 732 1405 his
748 1348 855 1404 virtuti·
870 1350 900 1398 10

60 1447 112 1504 bus
121 1446 347 1504 lenioribnserit
356 1456 483 1512 ornatus,
491 1446 643 1516 modestia,
652 1445 852 1521 temperantia,

60 1544 113 1601 hae
127 1544 190 1619 ipsa
206 1542 258 1620 (de
272 1541 331 1617 quai
351 1542 411 1618 jam
433 1541 522 1599 multa
543 1542 621 1599 dicta
639 1545 719 1622 sunt)
731 1542 852 1619 justitia.
872 1569 876 1574 ·

60 1639 135 1698 Nam
146 1641 227 1699 fortia
239 1640 354 1697 animus
368 1647 397 1694 et
411 1657 542 1715 magnus,
554 1638 583 1695 in
594 1639 709 1697 homine
720 1659 777 1697 non
792 1659 853 1716 per-

61 1737 135 1794 lecto
145 1756 203 1795 nee
213 1737 356 1813 sapiente,
369 1734 522 1792 ferventior
533 1735 701 1811 plerumque
711 1747 771 1794 est:
797 1737 853 1794 illae

60 1834 177 1892 virtutes
191 1835 284 1891 virum
300 1833 408 1888 bonum
422 1832 555 1889 videntur
569 1833 664 1908 potius
680 1835 830 1911 attingere.
870 1839 900 1888 15

97 1931 197 2005 Atque
220 1932 285 1987 haeu
300 1929 331 1985 in
345 1929 480 1986 moribus.
522 1928 568 1986 De
590 1931 790 1988 benevolentia
807 1950 854 1987 au·

61 2038 127 2099 tem,
153 2046 240 2103 quam
269 2025 391 2099 quisque
418 2026 522 2082 habeat
546 2044 615 2103 erga
641 2046 704 2099 nos,
729 2027 853 2102 primum

62 2124 128 2181 illud
143 2135 189 2180 est
210 2124 240 2180 in
255 2121 364 2192 officio,
379 2131 411 2178 ut
431 2122 457 2178 ei
478 2122 632 2197 plurimum
653 2124 822 2191 tribuamus,
838 2140 855 2177 a

62 2240 115 2296 quo
123 2220 282 2296 plurimum
295 2217 457 2294 diligimur:
472 2218 523 2275 sed
535 2217 773 2286 benevolentiam,
785 2234 853 2287 non,

64 2316 344 2374 adolescentulorum
364 2332 455 2386 more,
471 2315 572 2372 ardore
594 2313 719 2388 quodam
741 2313 854 2383 amoris,
869 2317 900 2366 20

63 2415 109 2471 aed
132 2413 292 2471 stabilitate
312 2410 409 2486 potius
433 2420 462 2467 et
485 2410 660 2481 constantia,
681 2409 854 2486 judicemus.

64 2510 113 2567 Sin
126 2519 215 2567 erunt
228 2508 342 2579 merita,
357 2517 389 2565 ut
408 2527 466 2567 non
488 2506 624 2578 ineunda,
640 2506 691 2564 sed
705 2504 857 2562 referenda

64 2607 97 2664 ait
117 2607 229 2684 gratia3
252 2604 343 2680 major
364 2605 495 2680 quedam
516 2622 587 2661 eura
609 2603 773 2661 adhibenda
792 2612 854 2659 est:

64 2704 170 2760 nullum
186 2703 266 2759 enim
280 2701 408 2759 offitium
426 2700 578 2758 referenda
592 2701 686 2777 gratib
699 2699 793 2776 magis
806 2718 855 2758 ne·

66 2800 219 2857 cessarium
234 2806 287 2855 est.
867 2815 900 2864 ᾖ

100 2895 193 2958 Quod
221 2895 246 2952 si
274 2912 318 2966 ea,
344 2913 406 2969 quae
431 2894 540 2952 utenda
567 2911 724 2970 acceperis,
748 2894 854 2972 majore

67 2992 200 3052 mensura
221 2989 260 3068 (ei
280 2991 368 3052 nodo
384 2991 496 3078 poesis)
509 2990 594 3076 jubet
611 2991 739 3057 tebbeie
752 2991 869 3055 blainu-
