1904 3750
75 252 118 313 98
283 261 422 322 amarus,
440 262 516 310 srva
535 261 756 311 nemorum

120 409 152 483 ii,
174 406 224 486 qui
254 429 285 469 se
307 420 385 468 totos
411 411 592 470 tradiderunt
618 410 824 488 voluptatibus,
851 410 915 471 sine

122 507 251 565 amicitia
276 507 365 565 vitam
388 526 452 566 esse
479 508 587 566 nullam
611 508 751 580 sentiunt,
774 508 800 566 si
827 508 914 567 modo

119 604 209 663 velint
223 605 318 680 aliqud
339 615 475 682 exparte
494 604 651 663 liberaliter
670 604 775 663 vivere.
817 606 915 682 Serpit

119 702 208 773 enim,
232 701 334 760 nescio
355 702 510 778 quomodo,
524 720 575 777 per
597 700 728 760 omnium
750 702 824 761 vitas
846 703 916 761 ami-

87 806 105 855 5
120 799 204 871 citia;
227 817 283 858 nec
293 798 381 856 ullam
396 799 488 857 aetatis
501 797 641 877 degenda
654 798 797 857 rationem
806 799 915 876 patitur

118 915 182 955 esre
195 906 341 974 expertem
355 896 409 956 sui.

157 993 340 1066 Quinetiam,
351 993 376 1051 si
387 993 451 1068 quis
465 992 501 1050 et
512 993 664 1074 asperitate
674 1001 727 1065 est,
739 1001 769 1051 et
781 991 914 1052 immani·

118 1099 176 1148 tate
190 1101 309 1164 naturae,
324 1104 497 1168 congrfflsus
516 1099 549 1147 ut
562 1090 712 1148 hominum
726 1088 818 1167 fugiat
829 1100 916 1166 atque

118 1187 212 1245 oderit
231 1186 360 1264 (qualem
380 1187 470 1245 fuisse
490 1186 616 1245 Athenis
635 1185 915 1265 Timonemnescio

72 1289 104 1339 10
119 1286 219 1359 quern)
227 1284 406 1364 accepimus)
420 1303 427 1354 ;
447 1293 545 1342 tamen
567 1282 665 1360 ispati
685 1294 746 1341 non
759 1283 861 1359 possit,
882 1293 915 1341 ut

119 1400 177 1438 non
193 1381 325 1456 anquirat
346 1380 483 1456 aliquem,
497 1380 573 1456 apud
596 1398 683 1455 quam
704 1390 819 1438 evomat
834 1379 914 1439 virus

120 1477 285 1535 acerbitatis
299 1496 366 1534 suae.
408 1477 505 1552 Atque
520 1477 576 1533 hoc
586 1475 710 1534 maxime
721 1476 912 1553 judicaretur,

119 1572 143 1630 si
157 1573 226 1647 quid
236 1573 294 1630 talc
304 1582 400 1648 posset
415 1573 594 1649 contingere,
605 1582 638 1629 ut
652 1572 755 1648 aliquis
768 1591 823 1630 nos
832 1573 913 1631 Deus

118 1687 154 1725 cx
168 1669 224 1725 hnc
238 1669 387 1726 hominum
403 1668 565 1743 frequentia
579 1667 703 1740 tolleret,
717 1679 747 1726 et
768 1669 797 1726 in
814 1669 913 1726 solitu·

72 1774 103 1822 15
120 1764 187 1822 dine
215 1766 326 1841 uspiam
357 1766 524 1837 collocaret,
550 1775 636 1841 atque
659 1765 699 1823 ibi
727 1766 913 1841 suppeditans

119 1861 248 1920 omnium
276 1881 382 1934 rerum,
414 1881 485 1938 quas
517 1873 620 1920 natura
647 1862 801 1933 desiderat,
824 1863 913 1921 abun-

120 1958 248 2017 dantiam
263 1970 292 2017 et
306 1960 430 2036 copiam,
445 1959 571 2017 hominis
591 1959 711 2017 omnino
732 1959 912 2034 adspiciendi

118 2066 291 2131 potestatem
302 2058 433 2132 eriperet.
473 2056 551 2118 Quis
565 2066 623 2113 tarn
638 2066 714 2113 esset
728 2055 847 2126 ferreus,
863 2056 912 2130 qui

119 2171 183 2210 earn
199 2154 285 2211 vitam
299 2154 372 2212 serre
386 2163 493 2230 posset,
508 2153 613 2227 cuique
627 2172 684 2210 non
700 2151 824 2209 auferret
838 2152 913 2211 fruc·

71 2257 104 2306 20
119 2259 180 2306 turn
195 2251 372 2326 voluptatum
386 2250 515 2308 oninium
530 2250 675 2307 solitudo?

159 2346 270 2404 Verum
284 2365 354 2424 ergo
373 2346 444 2405 illud
464 2358 517 2418 est,
533 2346 653 2421 quod,a
676 2344 838 2402 Tarentino
857 2347 913 2403 Ar·

121 2441 208 2517 chytb
237 2442 283 2519 (ut
310 2443 426 2522 opinor)
449 2443 508 2500 dici
535 2443 662 2514 solitum,
687 2453 801 2500 nostros
827 2463 912 2501 senes

120 2557 346 2596 commemorare
361 2540 467 2611 audivi,
483 2541 519 2597 ab
540 2540 604 2598 aliis
624 2539 743 2598 senibus
762 2538 910 2597 auditum:

120 2636 185 2693 “Si
208 2636 272 2711 quis
296 2636 326 2693 in
351 2637 456 2693 coelunr
485 2637 693 2709 adscendisset,
721 2647 912 2711 naturamque

71 2745 103 2794 25
119 2732 219 2789 mundi
243 2741 272 2789 et
294 2732 539 2806 pulchritudinem
562 2733 688 2792 siderum
710 2733 911 2809 perspexisset,

119 2825 267 2886 insuavem
292 2829 369 2887 illam
399 2830 617 2890 admirationem
640 2831 666 2890 ei
689 2832 760 2900 lore,
779 2847 842 2903 quae
868 2830 914 2906 ju·

111 2926 297 2989 candissima
325 2926 437 2999 luisset,
461 2925 517 3008 [sil
545 2928 669 3002 aliquem
696 2926 744 2984 cui
770 2937 912 2998 narraret,

97 3021 293 3092 habuissem
342 3029 396 3090 Sic
420 3038 531 3087 natura
554 3024 714 3084 solitarium
728 3021 803 3078 ribiil
818 3034 916 3092 amat,
