1904 3750
69 608 110 670 ³2
404 623 448 670 na
472 621 618 670 naerens.
831 609 870 673 [¹2·

117 770 185 841 dua;
207 770 353 847 quidnam,
368 772 510 830 beneficio
529 770 688 848 provocati,
704 769 798 828 facere
819 768 869 826 dei

116 868 202 923 musi
232 876 278 924 an'
291 887 348 926 non
373 868 480 925 imitari
505 887 588 945 agros
611 867 729 938 fertiles,
744 865 793 940 qui
815 865 868 922 mu]

115 963 180 1038 plus
204 964 335 1036 efferunt,
353 983 438 1040 quam
464 966 658 1040 acceperunt?
693 963 819 1035 Etenim,
835 963 860 1019 si

117 1077 177 1131 eos,
192 1079 264 1135 quos
278 1081 425 1137 speramus
446 1061 531 1119 nobis
553 1061 726 1137 profuturos,
741 1078 800 1116 non
824 1058 867 1116 du‘

86 1161 211 1213 dtamus
232 1157 329 1215 officia
350 1159 498 1227 conferre3
528 1157 626 1232 quales
647 1157 676 1213 in
698 1174 749 1212 eoa
770 1174 835 1213 esse
858 1174 866 1211 t

117 1253 228 1325 bemus,
251 1254 300 1327 qui
324 1254 384 1330 jam
410 1253 600 1329 prosuerunti
640 1251 729 1322 Nam,
753 1270 821 1308 cum
848 1251 866 1307 d

117 1367 225 1425 genera
250 1350 430 1407 liberalitatis
451 1350 518 1421 sint,
540 1368 629 1407 unum
650 1348 737 1405 dandi
762 1347 865 1404 benefic

119 1445 240 1503 aiterum
259 1447 399 1504 reddendi
410 1467 417 1516 ;
440 1447 550 1518 demus,
565 1465 669 1518 necne,
685 1445 715 1502 in
739 1445 838 1501 nostri
858 1463 865 1520 1

118 1550 221 1599 testate
245 1553 307 1600 est:
336 1562 395 1600 non
416 1543 546 1614 reddere,
569 1543 631 1599 viro
651 1544 728 1599 bono
748 1559 807 1598 non
827 1541 865 1597 lic

74 1641 105 1691 10
120 1639 207 1696 modo
222 1639 251 1696 id
266 1641 361 1697 facere
375 1639 465 1715 possit
479 1639 542 1696 sine
557 1639 670 1715 injurii.

160 1735 356 1809 Acceptorum
372 1744 465 1791 autem
477 1735 682 1792 beneficiorum
698 1744 764 1792 sunt
778 1733 864 1791 delec⁴

120 1831 255 1887 habendi.
297 1830 364 1887 Nee
391 1831 520 1900 dubium,
548 1831 618 1906 quin
652 1831 777 1888 maximo
804 1830 864 1904 cuit

120 1927 275 2002 plurimum
300 1926 446 1982 debeatur.
488 1926 522 1983 ln
542 1947 599 2003 quo
623 1937 729 2000 tamen,
745 1928 774 1983 in
798 1927 864 2002 prin

121 2042 177 2098 quo
200 2023 320 2098 quisque
341 2023 429 2081 animi
450 2023 545 2081 studio
573 2024 772 2081 benevolentiis
798 2023 863 2080 fece:

77 2122 107 2170 15
121 2119 336 2194 ponderandum
364 2130 416 2176 est.
458 2118 545 2176 Multi
573 2120 650 2176 enim
685 2119 795 2176 faciunt
821 2138 863 2175 mu

122 2216 283 2273 temeritate
305 2216 439 2292 quidam,
462 2217 524 2273 sine
545 2216 657 2292 judicio
677 2216 720 2272 vel
748 2217 851 2285 m0d03

124 2331 225 2369 omnes
248 2313 400 2388 repentino
421 2313 556 2388 quodam,
577 2312 657 2388 quasi
681 2323 777 2383 vento,
802 2312 861 2387 imp

125 2407 213 2466 animi
228 2408 357 2466 incitati:
379 2428 442 2483 quae
465 2409 607 2466 beneficia
628 2427 708 2484 aeque
730 2428 862 2485 magnai

124 2516 191 2563 aunt
205 2506 346 2577 habenda,
363 2515 447 2581 atque
457 2525 501 2577 ea,
514 2525 576 2580 quae
588 2505 708 2581 judicio,
721 2505 862 2562 considerr

77 2612 110 2661 20
126 2612 347 2677 constanterque
368 2603 464 2659 delata
488 2612 563 2659 sunt.
606 2601 675 2672 Sed,
692 2602 722 2658 in
743 2601 862 2658 collocat

125 2699 276 2770 beneficio,
291 2707 320 2755 et
340 2698 370 2755 in
391 2698 541 2755 referenda
561 2697 663 2774 gratid,
678 2697 702 2753 si
717 2707 821 2753 caetera
834 2716 862 2772 pr

125 2795 192 2867 sint,
208 2796 263 2852 hoc
278 2795 400 2852 maxime
420 2794 509 2851 officii
529 2805 582 2865 est,
597 2803 629 2850 ut
650 2793 770 2867 quisque
790 2795 861 2850 maxi

126 2892 189 2967 opis
203 2891 341 2968 indigeat,
357 2891 397 2948 ita
417 2891 445 2947 ei
465 2892 646 2966 potissimum
666 2889 816 2965 opitulari:
839 2910 861 2964 qi

127 2988 278 3047 contraiit
300 2987 486 3063 aplerisque.
528 2988 556 3044 Α
578 3006 634 3062 quo
654 2986 732 3043 enim
760 2986 861 3062 plurim

80 3105 113 3155 25
127 3094 252 3160 sperant,
267 3083 380 3141 etiarnsi
395 3084 442 3142 ille
455 3084 501 3141 his
514 3103 573 3142 non
587 3093 663 3162 eget,
677 3093 774 3141 tamen
789 3082 816 3141 ei
830 3103 860 3160 pt

127 3181 232 3240 simum
246 3180 412 3239 inserviunt.

152 3371 241 3432 XVI.
266 3374 389 3455 Optime
410 3385 509 3438 autem
528 3375 653 3437 societas
676 3374 826 3435 hominum
848 3392 860 3432 c
