1904 3750
54 227 82 276 1..
92 227 150 288 ns}
347 227 390 274 nn
411 226 556 275 onmcns.
834 213 892 273 167

53 392 114 433 non
128 383 184 446 est,
198 385 356 450 emptorem
375 376 434 452 pati
455 393 548 446 ruere,
563 384 592 432 et
604 392 655 451 per
673 392 798 434 errorem
813 373 843 433 in

54 471 211 528 maximam
233 471 362 528 fraudem
383 471 549 528 incurreret
593 470 662 528 Plus
682 471 768 530 etiam
788 480 842 542 est,

56 585 142 641 quam
156 566 232 623 viam
246 586 305 624 non
323 576 499 624 monstrare:
521 586 587 624 nam
602 577 645 624 est
659 567 798 624 scientem
812 567 843 624 in

56 680 181 720 errorem
210 663 329 720 alterum
357 663 503 720 inducere.
550 663 698 740 Diogenes
725 676 841 722 contra:

56 757 136 815 Num
157 769 186 815 te
207 777 302 816 emere
323 759 430 835 coegit,
452 759 500 833 qui
521 778 558 816 ne
578 759 707 816 hortatus
727 760 876 835 quidemr>

57 856 118 912 estl
167 854 231 926 Ille,
253 856 328 929 quod
348 873 407 912 non
426 853 569 930 placebat,
590 856 773 931 proscripsit:
801 866 842 928 tu,

57 951 132 1026 quod
145 951 288 1027 placebat,
302 951 406 1008 emisti.
457 951 546 1011 Quod
560 951 584 1007 si
599 951 647 1025 qui
660 952 844 1026 proscribunt

58 1046 180 1104 “sillam
195 1047 310 1118 bonam,
322 1047 452 1121 beneque
466 1047 664 1118 aedifioatam,''
676 1065 735 1103 non
749 1047 845 1104 existi·

58 1154 171 1199 mantur
192 1142 337 1214 fefellisse,
352 1143 438 1201 etiam
451 1143 476 1200 si
487 1143 539 1200 illa
558 1162 614 1200 neo
627 1143 702 1200 bona
721 1153 774 1214 est,
788 1161 844 1200 neo

57 1238 198 1296 edificata
218 1239 343 1309 ratione3
365 1239 455 1296 multo
472 1240 576 1313 minus,
591 1239 640 1314 qui
654 1240 771 1296 domum
785 1258 843 1296 non
860 1244 891 1292 1⁰

58 1333 218 1393 laudirunt.
250 1335 317 1397 ,Ubi
337 1336 414 1392 enim
432 1335 573 1411 judicium
587 1335 721 1411 emptoris
735 1345 787 1406 est,
803 1335 843 1393 ibi

59 1429 134 1488 fraus
158 1430 315 1487 venditoris
342 1450 405 1506 quae
428 1442 522 1507 potest
545 1434 628 1489 esse?
669 1432 721 1489 Sin
748 1442 843 1490 autem

59 1525 167 1583 dietum
181 1545 240 1583 non
255 1546 340 1584 omne
358 1528 549 1602 praestandum
564 1539 623 1598 est;
645 1529 720 1603 quod
735 1529 843 1587 dictum

58 1640 115 1679 non
134 1632 188 1694 est,
203 1622 232 1679 id
252 1623 445 1698 praestandum
466 1627 569 1699 putasl
609 1625 692 1687 Quid
713 1645 780 1684 vero
800 1638 844 1685 est

58 1719 182 1790 stultius,
203 1738 288 1794 quam
308 1720 496 1791 venditorem,
517 1722 578 1797 ejus
599 1722 650 1793 rei,
672 1742 757 1798 quam
779 1731 890 1780 ven-15

58 1813 116 1886 dat,
138 1815 208 1872 vitia
230 1817 366 1872 narrare?
393 1816 461 1890 quid
483 1827 576 1874 autem
599 1831 655 1874 tam
680 1819 842 1890 absurdum,

59 1928 144 1985 quam
171 1910 206 1981 si,
234 1911 344 1968 domini
374 1911 465 1987 jussu,
494 1913 534 1969 ita
559 1932 654 1988 praeco
686 1913 843 1989 praedioetl

58 2005 215 2072 “Domum
228 2006 408 2082 pestilentem
423 2008 542 2064 vendo.”

97 2101 150 2159 Sin
177 2121 257 2179 ergo,
285 2102 314 2159 in
347 2103 516 2178 quibusdam
549 2103 644 2160 causis
677 2104 781 2174 dubiis,
809 2123 845 2162 ex

60 2198 149 2256 altera
175 2208 257 2274 parte
283 2199 446 2256 defenditur
473 2199 617 2269 honestas,
638 2217 674 2255 ex
696 2199 784 2256 altera
805 2199 845 2256 ita
859 2206 891 2254 20

59 2294 96 2351 de
114 2294 240 2352 utilitate
260 2294 375 2365 dieitur,
396 2305 427 2352 ut
451 2295 489 2366 id,
512 2294 588 2369 quod
615 2293 684 2350 utile
705 2295 843 2367 videatur,

60 2408 118 2448 non
137 2389 225 2448 modo
246 2390 340 2446 lacere
361 2388 511 2447 honestam
532 2391 582 2459 sit;
605 2389 655 2446 sed
674 2390 770 2460 etiam,
785 2409 844 2448 non

60 2485 165 2557 faeere,
180 2495 272 2560 turpe.
313 2484 386 2542 Haeo
400 2496 443 2543 est
457 2485 514 2557 illa,
529 2505 591 2561 qnae
605 2485 716 2542 videtur
731 2485 844 2543 utilium

60 2581 120 2640 fieri
141 2600 209 2640 eum
229 2580 358 2638 honestis
373 2601 448 2658 saepe
462 2582 611 2640 dissensio.
651 2582 728 2644 Quae
743 2580 845 2657 dijudi·
942 2618 944 2629 «

61 2678 154 2736 nanda
172 2687 256 2737 sunt:
278 2696 336 2734 non
355 2678 442 2750 enim,
457 2688 488 2735 ut
502 2697 701 2754 quaereremus,
716 2677 846 2754 exposui·
861 2691 893 2740 25

61 2791 133 2848 mus,
153 2775 206 2833 sed
226 2785 259 2831 nt
278 2774 493 2850 explicaremus.
534 2776 602 2834 Non
627 2775 713 2852 igitur
734 2774 845 2832 videtur

61 2887 114 2929 nee
135 2870 339 2930 frumentarios
360 2869 408 2926 ille
435 2869 578 2942 Rhodios,
598 2890 653 2928 neo
674 2871 721 2928 hie
741 2870 853 2928 edium

61 2967 202 3040 venditor,
238 2965 333 3025 celare
369 2976 514 3048 emptores
551 2969 704 3031 leonissa.
754 2966 879 3044 Nesse
