<?xml version="1.0" encoding="UTF-8"?>
<!DOCTYPE html PUBLIC "-//W3C//DTD XHTML 1.0 Transitional//EN"
    "http://www.w3.org/TR/xhtml1/DTD/xhtml1-transitional.dtd">
<html xmlns="http://www.w3.org/1999/xhtml" xml:lang="en" lang="en">
 <head>
  <title>
</title>
<meta http-equiv="Content-Type" content="text/html;charset=utf-8" />
  <meta name='ocr-system' content='tesseract 3.04.00' />
  <meta name='ocr-capabilities' content='ocr_page ocr_carea ocr_par ocr_line ocrx_word'/>
</head>
<body>
  <div class='ocr_page' id='page_1' title='image "./mtciceronisdeof00dillgoog/mtciceronisdeof00dillgoog_0109.png"; bbox 0 0 1934 3398; ppageno 0'>
   <div class='ocr_carea' id='block_1_1' title="bbox 86 184 915 262">
    <p class='ocr_par' dir='ltr' id='par_1_1' title="bbox 86 184 915 262">
     <span class='ocr_line' id='line_1_1' title="bbox 86 184 915 262; baseline 0.004 -16"><span class='ocrx_word' id='word_1_1' title='bbox 86 184 144 247; x_wconf 69' lang='lat' dir='ltr'><strong>lm</strong></span> <span class='ocrx_word' id='word_1_2' title='bbox 417 199 460 246; x_wconf 84' lang='lat' dir='ltr'><strong>nn</strong></span> <span class='ocrx_word' id='word_1_3' title='bbox 482 199 627 248; x_wconf 79' lang='lat' dir='ltr'><strong>ormena.</strong></span> <span class='ocrx_word' id='word_1_4' title='bbox 831 200 915 262; x_wconf 77' lang='lat' dir='ltr'><strong>[nn</strong></span> 
     </span>
    </p>
   </div>
   <div class='ocr_carea' id='block_1_2' title="bbox 82 346 918 3014">
    <p class='ocr_par' dir='ltr' id='par_1_2' title="bbox 82 346 918 3014">
     <span class='ocr_line' id='line_1_2' title="bbox 130 346 915 425; baseline 0.005 -21"><span class='ocrx_word' id='word_1_5' title='bbox 130 346 196 404; x_wconf 93' lang='lat' dir='ltr'><strong>Nec</strong></span> <span class='ocrx_word' id='word_1_6' title='bbox 224 365 289 405; x_wconf 84' lang='lat' dir='ltr'><strong>tero</strong></span> <span class='ocrx_word' id='word_1_7' title='bbox 316 347 401 425; x_wconf 86' lang='lat' dir='ltr'><strong>hujus</strong></span> <span class='ocrx_word' id='word_1_8' title='bbox 430 349 545 424; x_wconf 82' lang='lat' dir='ltr'><strong>tyranni</strong></span> <span class='ocrx_word' id='word_1_9' title='bbox 578 348 680 420; x_wconf 87' lang='lat' dir='ltr'><strong>solum,</strong></span> <span class='ocrx_word' id='word_1_10' title='bbox 708 366 794 424; x_wconf 89' lang='lat' dir='ltr'><strong>quem</strong></span> <span class='ocrx_word' id='word_1_11' title='bbox 826 349 915 408; x_wconf 86' lang='lat' dir='ltr'><strong>armis</strong></span> 
     </span>
     <span class='ocr_line' id='line_1_3' title="bbox 131 445 914 520; baseline 0.003 -20"><span class='ocrx_word' id='word_1_12' title='bbox 131 462 266 518; x_wconf 85' lang='lat' dir='ltr'><strong>oppressa</strong></span> <span class='ocrx_word' id='word_1_13' title='bbox 285 445 400 519; x_wconf 89' lang='lat' dir='ltr'><strong>pertulit</strong></span> <span class='ocrx_word' id='word_1_14' title='bbox 421 445 531 515; x_wconf 87' lang='lat' dir='ltr'><strong>civitas,</strong></span> <span class='ocrx_word' id='word_1_15' title='bbox 550 454 686 520; x_wconf 86' lang='lat' dir='ltr'><strong>paretque</strong></span> <span class='ocrx_word' id='word_1_16' title='bbox 708 463 774 502; x_wconf 92' lang='lat' dir='ltr'><strong>cum</strong></span> <span class='ocrx_word' id='word_1_17' title='bbox 790 445 914 503; x_wconf 84' lang='lat' dir='ltr'><strong>maxime</strong></span> 
     </span>
     <span class='ocr_line' id='line_1_4' title="bbox 130 540 914 616; baseline 0.005 -20"><span class='ocrx_word' id='word_1_18' title='bbox 130 550 253 611; x_wconf 92' lang='lat' dir='ltr'><strong>mortuo,</strong></span> <span class='ocrx_word' id='word_1_19' title='bbox 269 540 400 598; x_wconf 88' lang='lat' dir='ltr'><strong>interitus</strong></span> <span class='ocrx_word' id='word_1_20' title='bbox 414 541 551 612; x_wconf 79' lang='lat' dir='ltr'><strong>declarat,</strong></span> <span class='ocrx_word' id='word_1_21' title='bbox 562 550 701 616; x_wconf 87' lang='lat' dir='ltr'><strong>quantum</strong></span> <span class='ocrx_word' id='word_1_22' title='bbox 713 541 811 599; x_wconf 93' lang='lat' dir='ltr'><strong>odium</strong></span> <span class='ocrx_word' id='word_1_23' title='bbox 824 542 914 600; x_wconf 91' lang='lat' dir='ltr'><strong>horni-</strong></span> 
     </span>
     <span class='ocr_line' id='line_1_5' title="bbox 130 637 915 712; baseline 0.004 -19"><span class='ocrx_word' id='word_1_24' title='bbox 130 655 198 694; x_wconf 92' lang='lat' dir='ltr'><strong>num</strong></span> <span class='ocrx_word' id='word_1_25' title='bbox 220 637 311 693; x_wconf 87' lang='lat' dir='ltr'><strong>valeat</strong></span> <span class='ocrx_word' id='word_1_26' title='bbox 332 637 366 694; x_wconf 91' lang='lat' dir='ltr'><strong>ad</strong></span> <span class='ocrx_word' id='word_1_27' title='bbox 387 648 512 712; x_wconf 90' lang='lat' dir='ltr'><strong>pestem;</strong></span> <span class='ocrx_word' id='word_1_28' title='bbox 534 639 584 694; x_wconf 86' lang='lat' dir='ltr'><strong>sed</strong></span> <span class='ocrx_word' id='word_1_29' title='bbox 604 637 780 712; x_wconf 92' lang='lat' dir='ltr'><strong>reliquorum</strong></span> <span class='ocrx_word' id='word_1_30' title='bbox 807 639 915 696; x_wconf 86' lang='lat' dir='ltr'><strong>similes</strong></span> 
     </span>
     <span class='ocr_line' id='line_1_6' title="bbox 99 732 916 810; baseline 0.009 -23"><span class='ocrx_word' id='word_1_31' title='bbox 99 737 116 786; x_wconf 83' lang='lat'><strong>5</strong></span> <span class='ocrx_word' id='word_1_32' title='bbox 130 734 222 789; x_wconf 87' lang='lat' dir='ltr'><strong>exitus</strong></span> <span class='ocrx_word' id='word_1_33' title='bbox 242 743 437 809; x_wconf 83' lang='lat' dir='ltr'><strong>tyrannorum,</strong></span> <span class='ocrx_word' id='word_1_34' title='bbox 453 753 574 808; x_wconf 92' lang='lat' dir='ltr'><strong>quorum</strong></span> <span class='ocrx_word' id='word_1_35' title='bbox 594 732 672 791; x_wconf 90' lang='lat' dir='ltr'><strong>haud</strong></span> <span class='ocrx_word' id='word_1_36' title='bbox 690 734 751 791; x_wconf 89' lang='lat' dir='ltr'><strong>sere</strong></span> <span class='ocrx_word' id='word_1_37' title='bbox 763 735 916 810; x_wconf 87' lang='lat' dir='ltr'><strong>quisquam</strong></span> 
     </span>
     <span class='ocr_line' id='line_1_7' title="bbox 130 829 916 906; baseline 0.005 -20"><span class='ocrx_word' id='word_1_38' title='bbox 130 829 276 887; x_wconf 88' lang='lat' dir='ltr'><strong>interitum</strong></span> <span class='ocrx_word' id='word_1_39' title='bbox 302 830 389 887; x_wconf 87' lang='lat' dir='ltr'><strong>talem</strong></span> <span class='ocrx_word' id='word_1_40' title='bbox 416 831 525 906; x_wconf 85' lang='lat' dir='ltr'><strong>effugit.</strong></span> <span class='ocrx_word' id='word_1_41' title='bbox 580 829 677 887; x_wconf 87' lang='lat' dir='ltr'><strong>Malus</strong></span> <span class='ocrx_word' id='word_1_42' title='bbox 705 830 783 888; x_wconf 88' lang='lat' dir='ltr'><strong>enim</strong></span> <span class='ocrx_word' id='word_1_43' title='bbox 817 841 916 890; x_wconf 87' lang='lat' dir='ltr'><strong>custos</strong></span> 
     </span>
     <span class='ocr_line' id='line_1_8' title="bbox 130 923 916 1000; baseline 0.004 -20"><span class='ocrx_word' id='word_1_44' title='bbox 130 923 326 982; x_wconf 82' lang='lat' dir='ltr'><strong>diuturnitatis</strong></span> <span class='ocrx_word' id='word_1_45' title='bbox 363 935 474 983; x_wconf 87' lang='lat' dir='ltr'><strong>metus:</strong></span> <span class='ocrx_word' id='word_1_46' title='bbox 513 935 679 1000; x_wconf 83' lang='lat' dir='ltr'><strong>contraque,</strong></span> <span class='ocrx_word' id='word_1_47' title='bbox 716 925 916 984; x_wconf 77' lang='lat' dir='ltr'><strong>benevolentia</strong></span> 
     </span>
     <span class='ocr_line' id='line_1_9' title="bbox 129 1020 639 1098; baseline 0.004 -22"><span class='ocrx_word' id='word_1_48' title='bbox 129 1020 222 1078; x_wconf 83' lang='lat' dir='ltr'><strong>fidelis</strong></span> <span class='ocrx_word' id='word_1_49' title='bbox 235 1032 288 1093; x_wconf 90' lang='lat' dir='ltr'><strong>est,</strong></span> <span class='ocrx_word' id='word_1_50' title='bbox 303 1023 346 1078; x_wconf 88' lang='lat' dir='ltr'><strong>vel</strong></span> <span class='ocrx_word' id='word_1_51' title='bbox 362 1022 397 1079; x_wconf 88' lang='lat' dir='ltr'><strong>ad</strong></span> <span class='ocrx_word' id='word_1_52' title='bbox 413 1022 639 1098; x_wconf 84' lang='lat' dir='ltr'><strong>perpetuitatem.</strong></span> 
     </span>
     <span class='ocr_line' id='line_1_10' title="bbox 169 1116 915 1193; baseline 0 -18"><span class='ocrx_word' id='word_1_53' title='bbox 169 1119 228 1175; x_wconf 86' lang='lat' dir='ltr'><strong>Sed</strong></span> <span class='ocrx_word' id='word_1_54' title='bbox 248 1118 292 1189; x_wconf 91' lang='lat' dir='ltr'><strong>iis,</strong></span> <span class='ocrx_word' id='word_1_55' title='bbox 308 1118 356 1193; x_wconf 93' lang='lat' dir='ltr'><strong>qui</strong></span> <span class='ocrx_word' id='word_1_56' title='bbox 370 1118 398 1174; x_wconf 85' lang='lat' dir='ltr'><strong>vi</strong></span> <span class='ocrx_word' id='word_1_57' title='bbox 412 1135 562 1193; x_wconf 87' lang='lat' dir='ltr'><strong>oppressos</strong></span> <span class='ocrx_word' id='word_1_58' title='bbox 582 1116 702 1193; x_wconf 91' lang='lat' dir='ltr'><strong>imperio</strong></span> <span class='ocrx_word' id='word_1_59' title='bbox 716 1121 862 1190; x_wconf 66' lang='lat' dir='ltr'><strong>coercent,</strong></span> <span class='ocrx_word' id='word_1_60' title='bbox 877 1119 915 1176; x_wconf 89' lang='lat' dir='ltr'><strong>sit</strong></span> 
     </span>
     <span class='ocr_line' id='line_1_11' title="bbox 84 1211 913 1286; baseline 0.001 -17"><span class='ocrx_word' id='word_1_61' title='bbox 84 1218 115 1269; x_wconf 84' lang='lat'><strong>10</strong></span> <span class='ocrx_word' id='word_1_62' title='bbox 129 1232 199 1270; x_wconf 88' lang='lat' dir='ltr'><strong>sane</strong></span> <span class='ocrx_word' id='word_1_63' title='bbox 220 1214 382 1272; x_wconf 90' lang='lat' dir='ltr'><strong>adhibenda</strong></span> <span class='ocrx_word' id='word_1_64' title='bbox 402 1214 519 1286; x_wconf 68' lang='lat' dir='ltr'><strong>sevitia,</strong></span> <span class='ocrx_word' id='word_1_65' title='bbox 541 1223 573 1270; x_wconf 90' lang='lat' dir='ltr'><strong>ut</strong></span> <span class='ocrx_word' id='word_1_66' title='bbox 592 1213 669 1271; x_wconf 91' lang='lat' dir='ltr'><strong>heris</strong></span> <span class='ocrx_word' id='word_1_67' title='bbox 689 1213 719 1270; x_wconf 91' lang='lat' dir='ltr'><strong>in</strong></span> <span class='ocrx_word' id='word_1_68' title='bbox 740 1211 871 1285; x_wconf 83' lang='lat' dir='ltr'><strong>famulos,</strong></span> <span class='ocrx_word' id='word_1_69' title='bbox 887 1214 913 1271; x_wconf 93' lang='lat' dir='ltr'><strong>si</strong></span> 
     </span>
     <span class='ocr_line' id='line_1_12' title="bbox 130 1308 915 1385; baseline 0.001 -19"><span class='ocrx_word' id='word_1_70' title='bbox 130 1309 212 1366; x_wconf 85' lang='lat' dir='ltr'><strong>aliter</strong></span> <span class='ocrx_word' id='word_1_71' title='bbox 231 1310 323 1366; x_wconf 86' lang='lat' dir='ltr'><strong>teneri</strong></span> <span class='ocrx_word' id='word_1_72' title='bbox 343 1329 402 1366; x_wconf 94' lang='lat' dir='ltr'><strong>non</strong></span> <span class='ocrx_word' id='word_1_73' title='bbox 428 1318 564 1384; x_wconf 88' lang='lat' dir='ltr'><strong>possunt:</strong></span> <span class='ocrx_word' id='word_1_74' title='bbox 595 1308 644 1385; x_wconf 90' lang='lat' dir='ltr'><strong>qui</strong></span> <span class='ocrx_word' id='word_1_75' title='bbox 671 1328 739 1366; x_wconf 85' lang='lat' dir='ltr'><strong>vero</strong></span> <span class='ocrx_word' id='word_1_76' title='bbox 766 1309 796 1367; x_wconf 91' lang='lat' dir='ltr'><strong>in</strong></span> <span class='ocrx_word' id='word_1_77' title='bbox 823 1309 915 1367; x_wconf 77' lang='lat' dir='ltr'><strong>liberti</strong></span> 
     </span>
     <span class='ocr_line' id='line_1_13' title="bbox 130 1405 913 1477; baseline 0.001 -16"><span class='ocrx_word' id='word_1_78' title='bbox 130 1405 245 1462; x_wconf 86' lang='lat' dir='ltr'><strong>civitate</strong></span> <span class='ocrx_word' id='word_1_79' title='bbox 266 1405 306 1462; x_wconf 87' lang='lat' dir='ltr'><strong>ita</strong></span> <span class='ocrx_word' id='word_1_80' title='bbox 325 1424 356 1462; x_wconf 90' lang='lat' dir='ltr'><strong>se</strong></span> <span class='ocrx_word' id='word_1_81' title='bbox 377 1405 530 1476; x_wconf 89' lang='lat' dir='ltr'><strong>instruunt,</strong></span> <span class='ocrx_word' id='word_1_82' title='bbox 546 1415 577 1461; x_wconf 92' lang='lat' dir='ltr'><strong>ut</strong></span> <span class='ocrx_word' id='word_1_83' title='bbox 595 1415 768 1477; x_wconf 88' lang='lat' dir='ltr'><strong>metuantur,</strong></span> <span class='ocrx_word' id='word_1_84' title='bbox 782 1405 828 1462; x_wconf 88' lang='lat' dir='ltr'><strong>his</strong></span> <span class='ocrx_word' id='word_1_85' title='bbox 841 1406 913 1463; x_wconf 91' lang='lat' dir='ltr'><strong>nihil</strong></span> 
     </span>
     <span class='ocr_line' id='line_1_14' title="bbox 129 1501 913 1575; baseline 0.004 -19"><span class='ocrx_word' id='word_1_86' title='bbox 129 1519 191 1556; x_wconf 90' lang='lat' dir='ltr'><strong>esse</strong></span> <span class='ocrx_word' id='word_1_87' title='bbox 204 1511 297 1575; x_wconf 90' lang='lat' dir='ltr'><strong>potest</strong></span> <span class='ocrx_word' id='word_1_88' title='bbox 311 1501 478 1558; x_wconf 87' lang='lat' dir='ltr'><strong>dementius.</strong></span> <span class='ocrx_word' id='word_1_89' title='bbox 519 1501 663 1563; x_wconf 79' lang='lat' dir='ltr'><strong>Quamvis</strong></span> <span class='ocrx_word' id='word_1_90' title='bbox 683 1501 760 1558; x_wconf 92' lang='lat' dir='ltr'><strong>enim</strong></span> <span class='ocrx_word' id='word_1_91' title='bbox 775 1501 913 1559; x_wconf 72' lang='lat' dir='ltr'><strong>demersae</strong></span> 
     </span>
     <span class='ocr_line' id='line_1_15' title="bbox 129 1597 914 1675; baseline 0.003 -22"><span class='ocrx_word' id='word_1_92' title='bbox 129 1597 187 1654; x_wconf 92' lang='lat' dir='ltr'><strong>sint</strong></span> <span class='ocrx_word' id='word_1_93' title='bbox 219 1597 298 1675; x_wconf 84' lang='lat' dir='ltr'><strong>leges</strong></span> <span class='ocrx_word' id='word_1_94' title='bbox 325 1597 446 1674; x_wconf 88' lang='lat' dir='ltr'><strong>alicujus</strong></span> <span class='ocrx_word' id='word_1_95' title='bbox 471 1598 583 1674; x_wconf 91' lang='lat' dir='ltr'><strong>opibus,</strong></span> <span class='ocrx_word' id='word_1_96' title='bbox 610 1598 739 1672; x_wconf 88' lang='lat' dir='ltr'><strong>quamvis</strong></span> <span class='ocrx_word' id='word_1_97' title='bbox 765 1597 914 1655; x_wconf 84' lang='lat' dir='ltr'><strong>timefacta</strong></span> 
     </span>
     <span class='ocr_line' id='line_1_16' title="bbox 84 1693 914 1771; baseline 0.005 -25"><span class='ocrx_word' id='word_1_98' title='bbox 84 1696 115 1745; x_wconf 87' lang='lat'><strong>15</strong></span> <span class='ocrx_word' id='word_1_99' title='bbox 129 1694 255 1766; x_wconf 88' lang='lat' dir='ltr'><strong>libertas,</strong></span> <span class='ocrx_word' id='word_1_100' title='bbox 284 1704 434 1771; x_wconf 84' lang='lat' dir='ltr'><strong>emergunt</strong></span> <span class='ocrx_word' id='word_1_101' title='bbox 460 1704 556 1751; x_wconf 85' lang='lat' dir='ltr'><strong>tamen</strong></span> <span class='ocrx_word' id='word_1_102' title='bbox 583 1694 646 1751; x_wconf 83' lang='lat' dir='ltr'><strong>haec</strong></span> <span class='ocrx_word' id='word_1_103' title='bbox 673 1693 835 1767; x_wconf 87' lang='lat' dir='ltr'><strong>aliquando,</strong></span> <span class='ocrx_word' id='word_1_104' title='bbox 863 1704 914 1750; x_wconf 89' lang='lat' dir='ltr'><strong>aut</strong></span> 
     </span>
     <span class='ocr_line' id='line_1_17' title="bbox 126 1788 912 1867; baseline 0.004 -22"><span class='ocrx_word' id='word_1_105' title='bbox 126 1789 244 1864; x_wconf 86' lang='lat' dir='ltr'><strong>judiciis</strong></span> <span class='ocrx_word' id='word_1_106' title='bbox 264 1790 369 1861; x_wconf 90' lang='lat' dir='ltr'><strong>tacitis,</strong></span> <span class='ocrx_word' id='word_1_107' title='bbox 385 1799 433 1847; x_wconf 91' lang='lat' dir='ltr'><strong>aut</strong></span> <span class='ocrx_word' id='word_1_108' title='bbox 447 1790 569 1847; x_wconf 88' lang='lat' dir='ltr'><strong>occultis</strong></span> <span class='ocrx_word' id='word_1_109' title='bbox 582 1788 618 1865; x_wconf 84' lang='lat' dir='ltr'><strong>de</strong></span> <span class='ocrx_word' id='word_1_110' title='bbox 633 1789 742 1847; x_wconf 90' lang='lat' dir='ltr'><strong>honore</strong></span> <span class='ocrx_word' id='word_1_111' title='bbox 761 1790 912 1867; x_wconf 80' lang='lat' dir='ltr'><strong>suffragiis</strong></span> 
     </span>
     <span class='ocr_line' id='line_1_18' title="bbox 129 1883 914 1944; baseline 0.006 -5"><span class='ocrx_word' id='word_1_112' title='bbox 129 1883 265 1942; x_wconf 81' lang='lat' dir='ltr'><strong>Acriores</strong></span> <span class='ocrx_word' id='word_1_113' title='bbox 286 1897 380 1943; x_wconf 90' lang='lat' dir='ltr'><strong>autem</strong></span> <span class='ocrx_word' id='word_1_114' title='bbox 400 1904 512 1942; x_wconf 85' lang='lat' dir='ltr'><strong>morsus</strong></span> <span class='ocrx_word' id='word_1_115' title='bbox 531 1894 597 1942; x_wconf 90' lang='lat' dir='ltr'><strong>sunt</strong></span> <span class='ocrx_word' id='word_1_116' title='bbox 618 1885 786 1942; x_wconf 74' lang='lat' dir='ltr'><strong>intermissae</strong></span> <span class='ocrx_word' id='word_1_117' title='bbox 799 1886 914 1944; x_wconf 86' lang='lat' dir='ltr'><strong>liberta·</strong></span> 
     </span>
     <span class='ocr_line' id='line_1_19' title="bbox 129 1979 912 2058; baseline 0.005 -23"><span class='ocrx_word' id='word_1_118' title='bbox 129 1979 176 2050; x_wconf 88' lang='lat' dir='ltr'><strong>tis,</strong></span> <span class='ocrx_word' id='word_1_119' title='bbox 191 1999 275 2054; x_wconf 92' lang='lat' dir='ltr'><strong>quam</strong></span> <span class='ocrx_word' id='word_1_120' title='bbox 295 1992 421 2039; x_wconf 84' lang='lat' dir='ltr'><strong>retentae.</strong></span> <span class='ocrx_word' id='word_1_121' title='bbox 462 1982 552 2044; x_wconf 83' lang='lat' dir='ltr'><strong>Quod</strong></span> <span class='ocrx_word' id='word_1_122' title='bbox 573 1981 660 2058; x_wconf 86' lang='lat' dir='ltr'><strong>igitur</strong></span> <span class='ocrx_word' id='word_1_123' title='bbox 673 1981 810 2039; x_wconf 86' lang='lat' dir='ltr'><strong>latissime</strong></span> <span class='ocrx_word' id='word_1_124' title='bbox 823 1992 912 2057; x_wconf 86' lang='lat' dir='ltr'><strong>patet,</strong></span> 
     </span>
     <span class='ocr_line' id='line_1_20' title="bbox 129 2078 913 2151; baseline 0.005 -19"><span class='ocrx_word' id='word_1_125' title='bbox 129 2095 222 2151; x_wconf 87' lang='lat' dir='ltr'><strong>neque</strong></span> <span class='ocrx_word' id='word_1_126' title='bbox 246 2078 280 2134; x_wconf 88' lang='lat' dir='ltr'><strong>ad</strong></span> <span class='ocrx_word' id='word_1_127' title='bbox 308 2078 533 2135; x_wconf 89' lang='lat' dir='ltr'><strong>incolumitatem</strong></span> <span class='ocrx_word' id='word_1_128' title='bbox 562 2078 662 2148; x_wconf 89' lang='lat' dir='ltr'><strong>solum,</strong></span> <span class='ocrx_word' id='word_1_129' title='bbox 684 2078 734 2134; x_wconf 88' lang='lat' dir='ltr'><strong>sed</strong></span> <span class='ocrx_word' id='word_1_130' title='bbox 761 2078 846 2134; x_wconf 90' lang='lat' dir='ltr'><strong>etiam</strong></span> <span class='ocrx_word' id='word_1_131' title='bbox 877 2080 913 2136; x_wconf 87' lang='lat' dir='ltr'><strong>ad</strong></span> 
     </span>
     <span class='ocr_line' id='line_1_21' title="bbox 82 2173 913 2248; baseline 0 -16"><span class='ocrx_word' id='word_1_132' title='bbox 82 2182 114 2232; x_wconf 73' lang='lat'><strong>20</strong></span> <span class='ocrx_word' id='word_1_133' title='bbox 130 2191 198 2247; x_wconf 91' lang='lat' dir='ltr'><strong>opes</strong></span> <span class='ocrx_word' id='word_1_134' title='bbox 218 2182 248 2229; x_wconf 90' lang='lat' dir='ltr'><strong>et</strong></span> <span class='ocrx_word' id='word_1_135' title='bbox 266 2173 423 2248; x_wconf 87' lang='lat' dir='ltr'><strong>potentiam</strong></span> <span class='ocrx_word' id='word_1_136' title='bbox 437 2175 511 2230; x_wconf 86' lang='lat' dir='ltr'><strong>valet</strong></span> <span class='ocrx_word' id='word_1_137' title='bbox 530 2173 694 2248; x_wconf 91' lang='lat' dir='ltr'><strong>plurimum,</strong></span> <span class='ocrx_word' id='word_1_138' title='bbox 710 2173 739 2230; x_wconf 90' lang='lat' dir='ltr'><strong>id</strong></span> <span class='ocrx_word' id='word_1_139' title='bbox 761 2173 913 2248; x_wconf 91' lang='lat' dir='ltr'><strong>amplecta-</strong></span> 
     </span>
     <span class='ocr_line' id='line_1_22' title="bbox 129 2269 914 2343; baseline 0.004 -17"><span class='ocrx_word' id='word_1_140' title='bbox 129 2288 202 2340; x_wconf 91' lang='lat' dir='ltr'><strong>mur,</strong></span> <span class='ocrx_word' id='word_1_141' title='bbox 230 2280 261 2326; x_wconf 90' lang='lat' dir='ltr'><strong>ut</strong></span> <span class='ocrx_word' id='word_1_142' title='bbox 287 2280 380 2326; x_wconf 89' lang='lat' dir='ltr'><strong>metus</strong></span> <span class='ocrx_word' id='word_1_143' title='bbox 409 2270 491 2341; x_wconf 87' lang='lat' dir='ltr'><strong>absit,</strong></span> <span class='ocrx_word' id='word_1_144' title='bbox 519 2270 622 2326; x_wconf 88' lang='lat' dir='ltr'><strong>caritas</strong></span> <span class='ocrx_word' id='word_1_145' title='bbox 649 2269 813 2343; x_wconf 82' lang='lat' dir='ltr'><strong>retineatur.</strong></span> <span class='ocrx_word' id='word_1_146' title='bbox 866 2270 914 2329; x_wconf 86' lang='lat' dir='ltr'><strong>Ita</strong></span> 
     </span>
     <span class='ocr_line' id='line_1_23' title="bbox 130 2364 913 2439; baseline 0.004 -19"><span class='ocrx_word' id='word_1_147' title='bbox 130 2364 275 2436; x_wconf 88' lang='lat' dir='ltr'><strong>facillime,</strong></span> <span class='ocrx_word' id='word_1_148' title='bbox 296 2384 359 2439; x_wconf 84' lang='lat' dir='ltr'><strong>quae</strong></span> <span class='ocrx_word' id='word_1_149' title='bbox 379 2365 517 2437; x_wconf 84' lang='lat' dir='ltr'><strong>volemus,</strong></span> <span class='ocrx_word' id='word_1_150' title='bbox 537 2376 566 2422; x_wconf 89' lang='lat' dir='ltr'><strong>et</strong></span> <span class='ocrx_word' id='word_1_151' title='bbox 586 2364 703 2439; x_wconf 84' lang='lat' dir='ltr'><strong>privatis</strong></span> <span class='ocrx_word' id='word_1_152' title='bbox 722 2364 753 2421; x_wconf 93' lang='lat' dir='ltr'><strong>in</strong></span> <span class='ocrx_word' id='word_1_153' title='bbox 773 2364 869 2437; x_wconf 85' lang='lat' dir='ltr'><strong>rebus,</strong></span> <span class='ocrx_word' id='word_1_154' title='bbox 883 2375 913 2423; x_wconf 89' lang='lat' dir='ltr'><strong>et</strong></span> 
     </span>
     <span class='ocr_line' id='line_1_24' title="bbox 130 2459 912 2536; baseline 0.003 -19"><span class='ocrx_word' id='word_1_155' title='bbox 130 2459 160 2518; x_wconf 93' lang='lat' dir='ltr'><strong>iu</strong></span> <span class='ocrx_word' id='word_1_156' title='bbox 187 2460 345 2536; x_wconf 77' lang='lat' dir='ltr'><strong>republici,</strong></span> <span class='ocrx_word' id='word_1_157' title='bbox 373 2479 589 2534; x_wconf 86' lang='lat' dir='ltr'><strong>consequemur.</strong></span> <span class='ocrx_word' id='word_1_158' title='bbox 649 2460 775 2531; x_wconf 89' lang='lat' dir='ltr'><strong>Etenim,</strong></span> <span class='ocrx_word' id='word_1_159' title='bbox 802 2461 853 2534; x_wconf 89' lang='lat' dir='ltr'><strong>qui</strong></span> <span class='ocrx_word' id='word_1_160' title='bbox 880 2481 912 2519; x_wconf 93' lang='lat' dir='ltr'><strong>se</strong></span> 
     </span>
     <span class='ocr_line' id='line_1_25' title="bbox 129 2557 913 2630; baseline 0.006 -17"><span class='ocrx_word' id='word_1_161' title='bbox 129 2557 218 2613; x_wconf 88' lang='lat' dir='ltr'><strong>metui</strong></span> <span class='ocrx_word' id='word_1_162' title='bbox 239 2557 345 2627; x_wconf 88' lang='lat' dir='ltr'><strong>volent,</strong></span> <span class='ocrx_word' id='word_1_163' title='bbox 367 2575 383 2613; x_wconf 90' lang='lat' dir='ltr'><strong>a</strong></span> <span class='ocrx_word' id='word_1_164' title='bbox 403 2557 505 2630; x_wconf 90' lang='lat' dir='ltr'><strong>quibus</strong></span> <span class='ocrx_word' id='word_1_165' title='bbox 525 2566 698 2628; x_wconf 76' lang='lat' dir='ltr'><strong>metuantur,</strong></span> <span class='ocrx_word' id='word_1_166' title='bbox 717 2557 834 2613; x_wconf 89' lang='lat' dir='ltr'><strong>eosdem</strong></span> <span class='ocrx_word' id='word_1_167' title='bbox 855 2576 913 2618; x_wconf 80' lang='lat' dir='ltr'><strong>me·</strong></span> 
     </span>
     <span class='ocr_line' id='line_1_26' title="bbox 82 2652 487 2728; baseline 0.005 -22"><span class='ocrx_word' id='word_1_168' title='bbox 82 2657 114 2706; x_wconf 69' lang='lat'><strong>25</strong></span> <span class='ocrx_word' id='word_1_169' title='bbox 130 2663 211 2710; x_wconf 87' lang='lat' dir='ltr'><strong>tuant</strong></span> <span class='ocrx_word' id='word_1_170' title='bbox 226 2652 289 2728; x_wconf 91' lang='lat' dir='ltr'><strong>ipsi,</strong></span> <span class='ocrx_word' id='word_1_171' title='bbox 304 2670 422 2711; x_wconf 89' lang='lat' dir='ltr'><strong>necesse</strong></span> <span class='ocrx_word' id='word_1_172' title='bbox 437 2663 487 2709; x_wconf 89' lang='lat' dir='ltr'><strong>est.</strong></span> 
     </span>
     <span class='ocr_line' id='line_1_27' title="bbox 167 2747 914 2826; baseline 0.001 -22"><span class='ocrx_word' id='word_1_173' title='bbox 167 2748 250 2810; x_wconf 79' lang='lat' dir='ltr'><strong>Quid</strong></span> <span class='ocrx_word' id='word_1_174' title='bbox 264 2748 340 2805; x_wconf 90' lang='lat' dir='ltr'><strong>enim</strong></span> <span class='ocrx_word' id='word_1_175' title='bbox 355 2766 506 2805; x_wconf 88' lang='lat' dir='ltr'><strong>censemus</strong></span> <span class='ocrx_word' id='word_1_176' title='bbox 520 2748 694 2824; x_wconf 87' lang='lat' dir='ltr'><strong>superiorem</strong></span> <span class='ocrx_word' id='word_1_177' title='bbox 711 2748 790 2805; x_wconf 90' lang='lat' dir='ltr'><strong>illum</strong></span> <span class='ocrx_word' id='word_1_178' title='bbox 805 2747 914 2826; x_wconf 85' lang='lat' dir='ltr'><strong>Diony-</strong></span> 
     </span>
     <span class='ocr_line' id='line_1_28' title="bbox 130 2842 914 2921; baseline 0.003 -21"><span class='ocrx_word' id='word_1_179' title='bbox 130 2842 215 2915; x_wconf 89' lang='lat' dir='ltr'><strong>sium,</strong></span> <span class='ocrx_word' id='word_1_180' title='bbox 236 2862 293 2919; x_wconf 89' lang='lat' dir='ltr'><strong>quo</strong></span> <span class='ocrx_word' id='word_1_181' title='bbox 313 2844 443 2901; x_wconf 91' lang='lat' dir='ltr'><strong>cruciatu</strong></span> <span class='ocrx_word' id='word_1_182' title='bbox 463 2844 574 2902; x_wconf 89' lang='lat' dir='ltr'><strong>timoris</strong></span> <span class='ocrx_word' id='word_1_183' title='bbox 595 2844 661 2920; x_wconf 86' lang='lat' dir='ltr'><strong>angi</strong></span> <span class='ocrx_word' id='word_1_184' title='bbox 683 2845 820 2902; x_wconf 81' lang='lat' dir='ltr'><strong>solituml</strong></span> <span class='ocrx_word' id='word_1_185' title='bbox 853 2845 914 2921; x_wconf 92' lang='lat' dir='ltr'><strong>qui,</strong></span> 
     </span>
     <span class='ocr_line' id='line_1_29' title="bbox 131 2939 918 3014; baseline 0.004 -16"><span class='ocrx_word' id='word_1_186' title='bbox 131 2939 238 3000; x_wconf 83' lang='lat' dir='ltr'><strong>ctdtros</strong></span> <span class='ocrx_word' id='word_1_187' title='bbox 250 2952 381 3000; x_wconf 85' lang='lat' dir='ltr'><strong>metuens</strong></span> <span class='ocrx_word' id='word_1_188' title='bbox 400 2940 553 3014; x_wconf 85' lang='lat' dir='ltr'><strong>tonsorios,</strong></span> <span class='ocrx_word' id='word_1_189' title='bbox 568 2941 704 3001; x_wconf 88' lang='lat' dir='ltr'><strong>candenti</strong></span> <span class='ocrx_word' id='word_1_190' title='bbox 718 2942 845 3001; x_wconf 81' lang='lat' dir='ltr'><strong>carbone</strong></span> <span class='ocrx_word' id='word_1_191' title='bbox 858 2941 918 3002; x_wconf 84' lang='lat' dir='ltr'><strong>sibi</strong></span> 
     </span>
    </p>
   </div>
   <div class='ocr_carea' id='block_1_3' title="bbox 0 0 972 3398">
    <p class='ocr_par' dir='ltr' id='par_1_3' title="bbox 0 0 972 3398">
     <span class='ocr_line' id='line_1_30' title="bbox 0 0 972 3398; baseline 0 0"><span class='ocrx_word' id='word_1_192' title='bbox 0 0 972 3398; x_wconf 95' lang='lat' dir='ltr'><strong> </strong></span> 
     </span>
    </p>
   </div>
  </div>
 </body>
</html>
