<?xml version="1.0" encoding="UTF-8"?>
<!DOCTYPE html PUBLIC "-//W3C//DTD XHTML 1.0 Transitional//EN"
    "http://www.w3.org/TR/xhtml1/DTD/xhtml1-transitional.dtd">
<html xmlns="http://www.w3.org/1999/xhtml" xml:lang="en" lang="en">
 <head>
  <title>
</title>
<meta http-equiv="Content-Type" content="text/html;charset=utf-8" />
  <meta name='ocr-system' content='tesseract 3.04.00' />
  <meta name='ocr-capabilities' content='ocr_page ocr_carea ocr_par ocr_line ocrx_word'/>
</head>
<body>
  <div class='ocr_page' id='page_1' title='image "./mtciceronisdeof00dillgoog/mtciceronisdeof00dillgoog_0090.png"; bbox 0 0 1904 3750; ppageno 0'>
   <div class='ocr_carea' id='block_1_1' title="bbox 57 245 909 312">
    <p class='ocr_par' dir='ltr' id='par_1_1' title="bbox 57 245 909 312">
     <span class='ocr_line' id='line_1_1' title="bbox 57 245 909 312; baseline 0.011 -15"><span class='ocrx_word' id='word_1_1' title='bbox 57 251 118 312; x_wconf 79' lang='lat' dir='ltr'><strong>ni]</strong></span> <span class='ocrx_word' id='word_1_2' title='bbox 365 249 409 297; x_wconf 80' lang='lat' dir='ltr'><strong>nn</strong></span> <span class='ocrx_word' id='word_1_3' title='bbox 426 251 572 301; x_wconf 80' lang='lat' dir='ltr'><strong>osricus.</strong></span> <span class='ocrx_word' id='word_1_4' title='bbox 870 245 909 306; x_wconf 81' lang='lat'><strong>81</strong></span> 
     </span>
    </p>
   </div>
   <div class='ocr_carea' id='block_1_2' title="bbox 59 400 904 2994">
    <p class='ocr_par' dir='ltr' id='par_1_2' title="bbox 59 400 904 1634">
     <span class='ocr_line' id='line_1_2' title="bbox 59 400 864 476; baseline 0.005 -19"><span class='ocrx_word' id='word_1_5' title='bbox 59 417 116 458; x_wconf 90' lang='lat' dir='ltr'><strong>rum</strong></span> <span class='ocrx_word' id='word_1_6' title='bbox 129 402 257 472; x_wconf 86' lang='lat' dir='ltr'><strong>obtutu,</strong></span> <span class='ocrx_word' id='word_1_7' title='bbox 274 418 312 456; x_wconf 85' lang='lat' dir='ltr'><strong>ex</strong></span> <span class='ocrx_word' id='word_1_8' title='bbox 328 400 549 476; x_wconf 82' lang='lat' dir='ltr'><strong>superciliorum</strong></span> <span class='ocrx_word' id='word_1_9' title='bbox 566 411 616 459; x_wconf 86' lang='lat' dir='ltr'><strong>aut</strong></span> <span class='ocrx_word' id='word_1_10' title='bbox 631 400 799 460; x_wconf 79' lang='lat' dir='ltr'>remissione</span> <span class='ocrx_word' id='word_1_11' title='bbox 814 413 864 461; x_wconf 89' lang='lat' dir='ltr'><strong>aut</strong></span> 
     </span>
     <span class='ocr_line' id='line_1_3' title="bbox 61 482 861 574; baseline 0.006 -21"><span class='ocrx_word' id='word_1_12' title='bbox 61 499 280 568; x_wconf 89' lang='lat' dir='ltr'><strong>contractione,</strong></span> <span class='ocrx_word' id='word_1_13' title='bbox 295 516 332 553; x_wconf 87' lang='lat' dir='ltr'><strong>ex</strong></span> <span class='ocrx_word' id='word_1_14' title='bbox 354 497 498 569; x_wconf 72' lang='lat' dir='ltr'><strong>moestitiai,</strong></span> <span class='ocrx_word' id='word_1_15' title='bbox 514 518 549 555; x_wconf 89' lang='lat' dir='ltr'><strong>ex</strong></span> <span class='ocrx_word' id='word_1_16' title='bbox 569 498 723 572; x_wconf 80' lang='lat' dir='ltr'><strong>hilaritate,</strong></span> <span class='ocrx_word' id='word_1_17' title='bbox 738 482 775 558; x_wconf 77' lang='lat' dir='ltr'><strong>eri</strong></span> <span class='ocrx_word' id='word_1_18' title='bbox 790 502 861 574; x_wconf 89' lang='lat' dir='ltr'><strong>risu,</strong></span> 
     </span>
     <span class='ocr_line' id='line_1_4' title="bbox 62 594 860 670; baseline 0.006 -20"><span class='ocrx_word' id='word_1_19' title='bbox 62 611 92 650; x_wconf 81' lang='lat' dir='ltr'><strong>ex</strong></span> <span class='ocrx_word' id='word_1_20' title='bbox 104 595 275 665; x_wconf 85' lang='lat' dir='ltr'><strong>locutione,</strong></span> <span class='ocrx_word' id='word_1_21' title='bbox 291 613 329 651; x_wconf 85' lang='lat' dir='ltr'><strong>ex</strong></span> <span class='ocrx_word' id='word_1_22' title='bbox 342 594 505 667; x_wconf 79' lang='lat' dir='ltr'><strong>reticentia,</strong></span> <span class='ocrx_word' id='word_1_23' title='bbox 520 615 556 653; x_wconf 85' lang='lat' dir='ltr'><strong>ex</strong></span> <span class='ocrx_word' id='word_1_24' title='bbox 569 597 756 656; x_wconf 86' lang='lat' dir='ltr'><strong>contentione</strong></span> <span class='ocrx_word' id='word_1_25' title='bbox 769 599 860 670; x_wconf 85' lang='lat' dir='ltr'><strong>vocis,</strong></span> 
     </span>
     <span class='ocr_line' id='line_1_5' title="bbox 62 690 861 769; baseline 0.006 -23"><span class='ocrx_word' id='word_1_26' title='bbox 62 708 94 747; x_wconf 84' lang='lat' dir='ltr'><strong>er</strong></span> <span class='ocrx_word' id='word_1_27' title='bbox 113 690 327 760; x_wconf 85' lang='lat' dir='ltr'><strong>submissione,</strong></span> <span class='ocrx_word' id='word_1_28' title='bbox 344 709 380 746; x_wconf 85' lang='lat' dir='ltr'><strong>ex</strong></span> <span class='ocrx_word' id='word_1_29' title='bbox 393 691 504 748; x_wconf 81' lang='lat' dir='ltr'><strong>caeteris</strong></span> <span class='ocrx_word' id='word_1_30' title='bbox 518 691 668 762; x_wconf 81' lang='lat' dir='ltr'><strong>similibus,</strong></span> <span class='ocrx_word' id='word_1_31' title='bbox 684 693 768 750; x_wconf 85' lang='lat' dir='ltr'><strong>facile</strong></span> <span class='ocrx_word' id='word_1_32' title='bbox 786 693 861 769; x_wconf 86' lang='lat' dir='ltr'><strong>judi·</strong></span> 
     </span>
     <span class='ocr_line' id='line_1_6' title="bbox 63 787 890 863; baseline 0.007 -21"><span class='ocrx_word' id='word_1_33' title='bbox 63 787 205 857; x_wconf 86' lang='lat' dir='ltr'><strong>cabimus,</strong></span> <span class='ocrx_word' id='word_1_34' title='bbox 229 788 299 861; x_wconf 90' lang='lat' dir='ltr'><strong>quid</strong></span> <span class='ocrx_word' id='word_1_35' title='bbox 321 804 422 844; x_wconf 90' lang='lat' dir='ltr'><strong>eorum</strong></span> <span class='ocrx_word' id='word_1_36' title='bbox 444 798 508 863; x_wconf 89' lang='lat' dir='ltr'><strong>apte</strong></span> <span class='ocrx_word' id='word_1_37' title='bbox 535 789 594 860; x_wconf 84' lang='lat' dir='ltr'><strong>liat,</strong></span> <span class='ocrx_word' id='word_1_38' title='bbox 616 790 685 863; x_wconf 92' lang='lat' dir='ltr'><strong>quid</strong></span> <span class='ocrx_word' id='word_1_39' title='bbox 707 791 742 847; x_wconf 91' lang='lat' dir='ltr'><strong>ab</strong></span> <span class='ocrx_word' id='word_1_40' title='bbox 762 791 890 848; x_wconf 86' lang='lat' dir='ltr'><strong>offici05</strong></span> 
     </span>
     <span class='ocr_line' id='line_1_7' title="bbox 64 884 860 962; baseline 0.006 -23"><span class='ocrx_word' id='word_1_41' title='bbox 64 885 225 958; x_wconf 69' lang='lat' dir='ltr'><strong>uaturdque</strong></span> <span class='ocrx_word' id='word_1_42' title='bbox 253 884 408 958; x_wconf 85' lang='lat' dir='ltr'><strong>discrepet.</strong></span> <span class='ocrx_word' id='word_1_43' title='bbox 448 884 519 947; x_wconf 82' lang='lat' dir='ltr'><strong>Quo</strong></span> <span class='ocrx_word' id='word_1_44' title='bbox 542 885 571 942; x_wconf 92' lang='lat' dir='ltr'><strong>in</strong></span> <span class='ocrx_word' id='word_1_45' title='bbox 599 904 714 962; x_wconf 82' lang='lat' dir='ltr'><strong>genere,</strong></span> <span class='ocrx_word' id='word_1_46' title='bbox 735 906 793 944; x_wconf 89' lang='lat' dir='ltr'><strong>non</strong></span> <span class='ocrx_word' id='word_1_47' title='bbox 815 898 860 945; x_wconf 88' lang='lat' dir='ltr'><strong>est</strong></span> 
     </span>
     <span class='ocr_line' id='line_1_8' title="bbox 64 979 859 1056; baseline 0.008 -20"><span class='ocrx_word' id='word_1_48' title='bbox 64 979 293 1050; x_wconf 90' lang='lat' dir='ltr'><strong>incommodum,</strong></span> <span class='ocrx_word' id='word_1_49' title='bbox 308 979 394 1055; x_wconf 87' lang='lat' dir='ltr'><strong>quale</strong></span> <span class='ocrx_word' id='word_1_50' title='bbox 413 983 547 1056; x_wconf 91' lang='lat' dir='ltr'><strong>quodque</strong></span> <span class='ocrx_word' id='word_1_51' title='bbox 568 1001 665 1039; x_wconf 92' lang='lat' dir='ltr'><strong>eorum</strong></span> <span class='ocrx_word' id='word_1_52' title='bbox 684 983 731 1053; x_wconf 90' lang='lat' dir='ltr'><strong>sit,</strong></span> <span class='ocrx_word' id='word_1_53' title='bbox 746 1003 782 1041; x_wconf 86' lang='lat' dir='ltr'><strong>ex</strong></span> <span class='ocrx_word' id='word_1_54' title='bbox 795 985 859 1042; x_wconf 88' lang='lat' dir='ltr'><strong>aliis</strong></span> 
     </span>
     <span class='ocr_line' id='line_1_9' title="bbox 62 1073 858 1149; baseline 0.006 -18"><span class='ocrx_word' id='word_1_55' title='bbox 62 1073 210 1149; x_wconf 82' lang='lat' dir='ltr'><strong>judicare3</strong></span> <span class='ocrx_word' id='word_1_56' title='bbox 232 1085 274 1146; x_wconf 88' lang='lat' dir='ltr'><strong>ut,</strong></span> <span class='ocrx_word' id='word_1_57' title='bbox 290 1075 315 1132; x_wconf 91' lang='lat' dir='ltr'><strong>si</strong></span> <span class='ocrx_word' id='word_1_58' title='bbox 330 1075 398 1148; x_wconf 93' lang='lat' dir='ltr'><strong>quid</strong></span> <span class='ocrx_word' id='word_1_59' title='bbox 412 1076 554 1134; x_wconf 90' lang='lat' dir='ltr'><strong>dedeceat</strong></span> <span class='ocrx_word' id='word_1_60' title='bbox 568 1077 598 1133; x_wconf 93' lang='lat' dir='ltr'><strong>in</strong></span> <span class='ocrx_word' id='word_1_61' title='bbox 613 1076 678 1147; x_wconf 88' lang='lat' dir='ltr'><strong>illis,</strong></span> <span class='ocrx_word' id='word_1_62' title='bbox 693 1077 815 1136; x_wconf 90' lang='lat' dir='ltr'><strong>vitemus</strong></span> <span class='ocrx_word' id='word_1_63' title='bbox 829 1090 858 1136; x_wconf 88' lang='lat' dir='ltr'><strong>et</strong></span> 
     </span>
     <span class='ocr_line' id='line_1_10' title="bbox 65 1168 858 1249; baseline 0.006 -24"><span class='ocrx_word' id='word_1_64' title='bbox 65 1168 125 1245; x_wconf 85' lang='lat' dir='ltr'><strong>ipsi.</strong></span> <span class='ocrx_word' id='word_1_65' title='bbox 169 1170 220 1228; x_wconf 86' lang='lat' dir='ltr'><strong>Fit</strong></span> <span class='ocrx_word' id='word_1_66' title='bbox 240 1171 331 1243; x_wconf 89' lang='lat' dir='ltr'><strong>enim,</strong></span> <span class='ocrx_word' id='word_1_67' title='bbox 349 1172 447 1228; x_wconf 91' lang='lat' dir='ltr'><strong>nescio</strong></span> <span class='ocrx_word' id='word_1_68' title='bbox 468 1191 525 1248; x_wconf 95' lang='lat' dir='ltr'><strong>quo</strong></span> <span class='ocrx_word' id='word_1_69' title='bbox 546 1173 642 1243; x_wconf 93' lang='lat' dir='ltr'><strong>modo,</strong></span> <span class='ocrx_word' id='word_1_70' title='bbox 663 1182 695 1230; x_wconf 88' lang='lat' dir='ltr'><strong>ut</strong></span> <span class='ocrx_word' id='word_1_71' title='bbox 715 1174 807 1249; x_wconf 85' lang='lat' dir='ltr'><strong>magis</strong></span> <span class='ocrx_word' id='word_1_72' title='bbox 828 1174 858 1230; x_wconf 91' lang='lat' dir='ltr'><strong>in</strong></span> 
     </span>
     <span class='ocr_line' id='line_1_11' title="bbox 64 1267 904 1344; baseline 0.006 -20"><span class='ocrx_word' id='word_1_73' title='bbox 64 1267 127 1324; x_wconf 82' lang='lat' dir='ltr'><strong>ullis</strong></span> <span class='ocrx_word' id='word_1_74' title='bbox 148 1286 314 1339; x_wconf 80' lang='lat' dir='ltr'><strong>cernamus,</strong></span> <span class='ocrx_word' id='word_1_75' title='bbox 329 1286 414 1342; x_wconf 89' lang='lat' dir='ltr'><strong>quam</strong></span> <span class='ocrx_word' id='word_1_76' title='bbox 435 1268 466 1326; x_wconf 93' lang='lat' dir='ltr'><strong>in</strong></span> <span class='ocrx_word' id='word_1_77' title='bbox 485 1269 631 1326; x_wconf 88' lang='lat' dir='ltr'><strong>nobismet</strong></span> <span class='ocrx_word' id='word_1_78' title='bbox 651 1268 729 1344; x_wconf 88' lang='lat' dir='ltr'><strong>ipsis,</strong></span> <span class='ocrx_word' id='word_1_79' title='bbox 744 1268 769 1325; x_wconf 88' lang='lat' dir='ltr'><strong>si</strong></span> <span class='ocrx_word' id='word_1_80' title='bbox 790 1268 859 1343; x_wconf 92' lang='lat' dir='ltr'><strong>quid</strong></span> <span class='ocrx_word' id='word_1_81' title='bbox 873 1278 904 1330; x_wconf 83' lang='lat' dir='ltr'><strong>lo</strong></span> 
     </span>
     <span class='ocr_line' id='line_1_12' title="bbox 64 1364 859 1442; baseline 0.004 -22"><span class='ocrx_word' id='word_1_82' title='bbox 64 1364 257 1440; x_wconf 87' lang='lat' dir='ltr'><strong>delinquitur:</strong></span> <span class='ocrx_word' id='word_1_83' title='bbox 279 1365 378 1438; x_wconf 87' lang='lat' dir='ltr'><strong>itaque</strong></span> <span class='ocrx_word' id='word_1_84' title='bbox 399 1364 536 1422; x_wconf 82' lang='lat' dir='ltr'><strong>facillime</strong></span> <span class='ocrx_word' id='word_1_85' title='bbox 557 1365 742 1442; x_wconf 85' lang='lat' dir='ltr'><strong>corriguntur</strong></span> <span class='ocrx_word' id='word_1_86' title='bbox 757 1365 788 1422; x_wconf 90' lang='lat' dir='ltr'><strong>in</strong></span> <span class='ocrx_word' id='word_1_87' title='bbox 802 1365 859 1423; x_wconf 89' lang='lat' dir='ltr'><strong>dis·</strong></span> 
     </span>
     <span class='ocr_line' id='line_1_13' title="bbox 64 1459 856 1536; baseline 0.006 -20"><span class='ocrx_word' id='word_1_88' title='bbox 64 1461 168 1531; x_wconf 94' lang='lat' dir='ltr'><strong>cendo,</strong></span> <span class='ocrx_word' id='word_1_89' title='bbox 180 1480 305 1535; x_wconf 89' lang='lat' dir='ltr'><strong>quorum</strong></span> <span class='ocrx_word' id='word_1_90' title='bbox 317 1459 386 1518; x_wconf 89' lang='lat' dir='ltr'><strong>vitia</strong></span> <span class='ocrx_word' id='word_1_91' title='bbox 399 1461 557 1535; x_wconf 89' lang='lat' dir='ltr'><strong>imitantur,</strong></span> <span class='ocrx_word' id='word_1_92' title='bbox 569 1463 741 1521; x_wconf 89' lang='lat' dir='ltr'><strong>emendandi</strong></span> <span class='ocrx_word' id='word_1_93' title='bbox 757 1462 856 1536; x_wconf 68' lang='lat' dir='ltr'><strong>causa,</strong></span> 
     </span>
     <span class='ocr_line' id='line_1_14' title="bbox 62 1557 202 1634; baseline 0.007 -21"><span class='ocrx_word' id='word_1_94' title='bbox 62 1557 202 1634; x_wconf 82' lang='lat' dir='ltr'><strong>magistri.</strong></span> 
     </span>
    </p>

    <p class='ocr_par' dir='ltr' id='par_1_3' title="bbox 59 1653 901 2994">
     <span class='ocr_line' id='line_1_15' title="bbox 100 1653 856 1734; baseline 0.007 -23"><span class='ocrx_word' id='word_1_95' title='bbox 100 1654 168 1712; x_wconf 93' lang='lat' dir='ltr'><strong>Nec</strong></span> <span class='ocrx_word' id='word_1_96' title='bbox 196 1672 264 1712; x_wconf 88' lang='lat' dir='ltr'><strong>vero</strong></span> <span class='ocrx_word' id='word_1_97' title='bbox 293 1653 419 1712; x_wconf 84' lang='lat' dir='ltr'><strong>alienum</strong></span> <span class='ocrx_word' id='word_1_98' title='bbox 446 1664 499 1725; x_wconf 85' lang='lat' dir='ltr'><strong>est,</strong></span> <span class='ocrx_word' id='word_1_99' title='bbox 522 1657 613 1714; x_wconf 87' lang='lat' dir='ltr'><strong>adea</strong></span> <span class='ocrx_word' id='word_1_100' title='bbox 633 1656 767 1734; x_wconf 85' lang='lat' dir='ltr'><strong>eligenda</strong></span> <span class='ocrx_word' id='word_1_101' title='bbox 792 1677 856 1734; x_wconf 74' lang='lat' dir='ltr'><strong>que</strong></span> 
     </span>
     <span class='ocr_line' id='line_1_16' title="bbox 62 1750 901 1828; baseline 0.006 -20"><span class='ocrx_word' id='word_1_102' title='bbox 62 1751 274 1808; x_wconf 87' lang='lat' dir='ltr'><strong>dubitationem</strong></span> <span class='ocrx_word' id='word_1_103' title='bbox 297 1750 429 1823; x_wconf 84' lang='lat' dir='ltr'><strong>afferunt,</strong></span> <span class='ocrx_word' id='word_1_104' title='bbox 445 1753 581 1811; x_wconf 89' lang='lat' dir='ltr'><strong>adhibere</strong></span> <span class='ocrx_word' id='word_1_105' title='bbox 595 1754 697 1811; x_wconf 91' lang='lat' dir='ltr'><strong>doctos</strong></span> <span class='ocrx_word' id='word_1_106' title='bbox 712 1755 854 1828; x_wconf 87' lang='lat' dir='ltr'><strong>homines,</strong></span> <span class='ocrx_word' id='word_1_107' title='bbox 870 1771 901 1820; x_wconf 85' lang='lat'><strong>15</strong></span> 
     </span>
     <span class='ocr_line' id='line_1_17' title="bbox 62 1848 855 1928; baseline 0.009 -25"><span class='ocrx_word' id='word_1_108' title='bbox 62 1848 215 1905; x_wconf 76' lang='lat' dir='ltr'><strong>ueletiam</strong></span> <span class='ocrx_word' id='word_1_109' title='bbox 242 1866 299 1905; x_wconf 86' lang='lat' dir='ltr'><strong>usu</strong></span> <span class='ocrx_word' id='word_1_110' title='bbox 324 1848 442 1922; x_wconf 89' lang='lat' dir='ltr'><strong>peritos,</strong></span> <span class='ocrx_word' id='word_1_111' title='bbox 463 1859 501 1920; x_wconf 88' lang='lat' dir='ltr'><strong>et,</strong></span> <span class='ocrx_word' id='word_1_112' title='bbox 523 1849 592 1924; x_wconf 93' lang='lat' dir='ltr'><strong>quid</strong></span> <span class='ocrx_word' id='word_1_113' title='bbox 613 1851 657 1908; x_wconf 87' lang='lat' dir='ltr'><strong>his</strong></span> <span class='ocrx_word' id='word_1_114' title='bbox 684 1851 720 1909; x_wconf 92' lang='lat' dir='ltr'><strong>de</strong></span> <span class='ocrx_word' id='word_1_115' title='bbox 741 1871 855 1928; x_wconf 92' lang='lat' dir='ltr'><strong>quoque</strong></span> 
     </span>
     <span class='ocr_line' id='line_1_18' title="bbox 61 1943 856 2024; baseline 0.008 -23"><span class='ocrx_word' id='word_1_116' title='bbox 61 1944 147 2002; x_wconf 87' lang='lat' dir='ltr'><strong>officii</strong></span> <span class='ocrx_word' id='word_1_117' title='bbox 175 1963 285 2021; x_wconf 81' lang='lat' dir='ltr'><strong>genere</strong></span> <span class='ocrx_word' id='word_1_118' title='bbox 312 1943 434 2019; x_wconf 82' lang='lat' dir='ltr'><strong>placeat,</strong></span> <span class='ocrx_word' id='word_1_119' title='bbox 455 1946 612 2021; x_wconf 85' lang='lat' dir='ltr'><strong>exquirere.</strong></span> <span class='ocrx_word' id='word_1_120' title='bbox 654 1946 749 2024; x_wconf 82' lang='lat' dir='ltr'><strong>Major</strong></span> <span class='ocrx_word' id='word_1_121' title='bbox 776 1949 856 2006; x_wconf 88' lang='lat' dir='ltr'><strong>enim</strong></span> 
     </span>
     <span class='ocr_line' id='line_1_19' title="bbox 60 2040 856 2120; baseline 0.004 -22"><span class='ocrx_word' id='word_1_122' title='bbox 60 2058 125 2116; x_wconf 86' lang='lat' dir='ltr'><strong>pars</strong></span> <span class='ocrx_word' id='word_1_123' title='bbox 153 2059 190 2098; x_wconf 95' lang='lat' dir='ltr'><strong>eo</strong></span> <span class='ocrx_word' id='word_1_124' title='bbox 217 2040 278 2098; x_wconf 88' lang='lat' dir='ltr'><strong>fere</strong></span> <span class='ocrx_word' id='word_1_125' title='bbox 306 2040 411 2098; x_wconf 85' lang='lat' dir='ltr'><strong>deferri</strong></span> <span class='ocrx_word' id='word_1_126' title='bbox 438 2042 521 2114; x_wconf 91' lang='lat' dir='ltr'><strong>solet,</strong></span> <span class='ocrx_word' id='word_1_127' title='bbox 548 2062 604 2118; x_wconf 93' lang='lat' dir='ltr'><strong>quo</strong></span> <span class='ocrx_word' id='word_1_128' title='bbox 625 2063 642 2101; x_wconf 90' lang='lat' dir='ltr'><strong>a</strong></span> <span class='ocrx_word' id='word_1_129' title='bbox 661 2044 765 2101; x_wconf 75' lang='lat' dir='ltr'><strong>naturai</strong></span> <span class='ocrx_word' id='word_1_130' title='bbox 792 2044 856 2120; x_wconf 66' lang='lat' dir='ltr'><strong>ipsa</strong></span> 
     </span>
     <span class='ocr_line' id='line_1_20' title="bbox 61 2137 856 2211; baseline 0.003 -17"><span class='ocrx_word' id='word_1_131' title='bbox 61 2137 224 2195; x_wconf 85' lang='lat' dir='ltr'><strong>deducitur.</strong></span> <span class='ocrx_word' id='word_1_132' title='bbox 266 2137 304 2194; x_wconf 92' lang='lat' dir='ltr'><strong>In</strong></span> <span class='ocrx_word' id='word_1_133' title='bbox 325 2137 427 2211; x_wconf 93' lang='lat' dir='ltr'><strong>quibus</strong></span> <span class='ocrx_word' id='word_1_134' title='bbox 447 2139 602 2196; x_wconf 86' lang='lat' dir='ltr'><strong>videndum</strong></span> <span class='ocrx_word' id='word_1_135' title='bbox 619 2149 672 2210; x_wconf 90' lang='lat' dir='ltr'><strong>est,</strong></span> <span class='ocrx_word' id='word_1_136' title='bbox 687 2159 747 2196; x_wconf 92' lang='lat' dir='ltr'><strong>non</strong></span> <span class='ocrx_word' id='word_1_137' title='bbox 768 2139 856 2199; x_wconf 89' lang='lat' dir='ltr'><strong>modo</strong></span> 
     </span>
     <span class='ocr_line' id='line_1_21' title="bbox 60 2233 901 2310; baseline 0 -19"><span class='ocrx_word' id='word_1_138' title='bbox 60 2235 128 2310; x_wconf 91' lang='lat' dir='ltr'><strong>quid</strong></span> <span class='ocrx_word' id='word_1_139' title='bbox 150 2234 274 2309; x_wconf 89' lang='lat' dir='ltr'><strong>quisque</strong></span> <span class='ocrx_word' id='word_1_140' title='bbox 295 2233 437 2308; x_wconf 87' lang='lat' dir='ltr'><strong>loquatur,</strong></span> <span class='ocrx_word' id='word_1_141' title='bbox 458 2235 508 2292; x_wconf 91' lang='lat' dir='ltr'><strong>sed</strong></span> <span class='ocrx_word' id='word_1_142' title='bbox 530 2235 628 2306; x_wconf 88' lang='lat' dir='ltr'><strong>etiam,</strong></span> <span class='ocrx_word' id='word_1_143' title='bbox 644 2235 713 2309; x_wconf 92' lang='lat' dir='ltr'><strong>quid</strong></span> <span class='ocrx_word' id='word_1_144' title='bbox 733 2235 855 2309; x_wconf 91' lang='lat' dir='ltr'><strong>quisque</strong></span> <span class='ocrx_word' id='word_1_145' title='bbox 869 2254 901 2304; x_wconf 66' lang='grc' dir='ltr'>ω</span> 
     </span>
     <span class='ocr_line' id='line_1_22' title="bbox 60 2329 856 2407; baseline 0.001 -20"><span class='ocrx_word' id='word_1_146' title='bbox 60 2331 177 2401; x_wconf 84' lang='lat' dir='ltr'><strong>sentiat,</strong></span> <span class='ocrx_word' id='word_1_147' title='bbox 206 2339 294 2404; x_wconf 89' lang='lat' dir='ltr'><strong>atque</strong></span> <span class='ocrx_word' id='word_1_148' title='bbox 327 2330 424 2403; x_wconf 86' lang='lat' dir='ltr'><strong>etiam,</strong></span> <span class='ocrx_word' id='word_1_149' title='bbox 452 2332 509 2406; x_wconf 76' lang='lat' dir='ltr'><strong>quai</strong></span> <span class='ocrx_word' id='word_1_150' title='bbox 542 2331 579 2388; x_wconf 94' lang='lat' dir='ltr'><strong>de</strong></span> <span class='ocrx_word' id='word_1_151' title='bbox 613 2331 703 2388; x_wconf 74' lang='lat' dir='ltr'><strong>causi</strong></span> <span class='ocrx_word' id='word_1_152' title='bbox 733 2329 856 2407; x_wconf 88' lang='lat' dir='ltr'><strong>quisque</strong></span> 
     </span>
     <span class='ocr_line' id='line_1_23' title="bbox 61 2425 856 2504; baseline 0.001 -20"><span class='ocrx_word' id='word_1_153' title='bbox 61 2428 174 2485; x_wconf 77' lang='lat' dir='ltr'><strong>sentiat</strong></span> <span class='ocrx_word' id='word_1_154' title='bbox 231 2425 272 2483; x_wconf 82' lang='lat' dir='ltr'><strong>Ut</strong></span> <span class='ocrx_word' id='word_1_155' title='bbox 304 2426 382 2484; x_wconf 90' lang='lat' dir='ltr'><strong>enim</strong></span> <span class='ocrx_word' id='word_1_156' title='bbox 415 2427 551 2502; x_wconf 89' lang='lat' dir='ltr'><strong>pictores,</strong></span> <span class='ocrx_word' id='word_1_157' title='bbox 579 2438 609 2485; x_wconf 89' lang='lat' dir='ltr'><strong>et</strong></span> <span class='ocrx_word' id='word_1_158' title='bbox 635 2426 657 2485; x_wconf 90' lang='lat' dir='ltr'><strong>ii</strong></span> <span class='ocrx_word' id='word_1_159' title='bbox 689 2427 738 2502; x_wconf 93' lang='lat' dir='ltr'><strong>qui</strong></span> <span class='ocrx_word' id='word_1_160' title='bbox 771 2427 856 2504; x_wconf 80' lang='lat' dir='ltr'><strong>signa</strong></span> 
     </span>
     <span class='ocr_line' id='line_1_24' title="bbox 62 2523 855 2601; baseline 0.003 -21"><span class='ocrx_word' id='word_1_161' title='bbox 62 2523 252 2593; x_wconf 83' lang='lat' dir='ltr'><strong>fabricantur,</strong></span> <span class='ocrx_word' id='word_1_162' title='bbox 268 2533 297 2579; x_wconf 87' lang='lat' dir='ltr'><strong>et</strong></span> <span class='ocrx_word' id='word_1_163' title='bbox 315 2541 383 2580; x_wconf 88' lang='lat' dir='ltr'><strong>vero</strong></span> <span class='ocrx_word' id='word_1_164' title='bbox 403 2524 491 2581; x_wconf 88' lang='lat' dir='ltr'><strong>etiam</strong></span> <span class='ocrx_word' id='word_1_165' title='bbox 511 2528 614 2601; x_wconf 73' lang='lat' dir='ltr'><strong>poete,</strong></span> <span class='ocrx_word' id='word_1_166' title='bbox 629 2543 713 2582; x_wconf 90' lang='lat' dir='ltr'><strong>suum</strong></span> <span class='ocrx_word' id='word_1_167' title='bbox 734 2523 855 2599; x_wconf 90' lang='lat' dir='ltr'><strong>quisque</strong></span> 
     </span>
     <span class='ocr_line' id='line_1_25' title="bbox 61 2619 855 2697; baseline 0.001 -20"><span class='ocrx_word' id='word_1_168' title='bbox 61 2639 132 2695; x_wconf 89' lang='lat' dir='ltr'><strong>opus</strong></span> <span class='ocrx_word' id='word_1_169' title='bbox 147 2620 268 2696; x_wconf 78' lang='lat' dir='ltr'><strong>evulgo</strong></span> <span class='ocrx_word' id='word_1_170' title='bbox 289 2619 465 2678; x_wconf 88' lang='lat' dir='ltr'><strong>considerari</strong></span> <span class='ocrx_word' id='word_1_171' title='bbox 485 2621 555 2692; x_wconf 86' lang='lat' dir='ltr'><strong>vult,</strong></span> <span class='ocrx_word' id='word_1_172' title='bbox 577 2632 617 2694; x_wconf 88' lang='lat' dir='ltr'><strong>ut,</strong></span> <span class='ocrx_word' id='word_1_173' title='bbox 632 2621 740 2696; x_wconf 91' lang='lat' dir='ltr'><strong>siquid</strong></span> <span class='ocrx_word' id='word_1_174' title='bbox 761 2639 855 2697; x_wconf 87' lang='lat' dir='ltr'><strong>repre·</strong></span> 
     </span>
     <span class='ocr_line' id='line_1_26' title="bbox 61 2715 900 2795; baseline 0.005 -21"><span class='ocrx_word' id='word_1_175' title='bbox 61 2717 183 2774; x_wconf 83' lang='lat' dir='ltr'><strong>hensum</strong></span> <span class='ocrx_word' id='word_1_176' title='bbox 205 2716 244 2775; x_wconf 89' lang='lat' dir='ltr'><strong>sit</strong></span> <span class='ocrx_word' id='word_1_177' title='bbox 266 2735 282 2773; x_wconf 92' lang='lat' dir='ltr'><strong>a</strong></span> <span class='ocrx_word' id='word_1_178' title='bbox 301 2715 441 2790; x_wconf 84' lang='lat' dir='ltr'><strong>pluribus,</strong></span> <span class='ocrx_word' id='word_1_179' title='bbox 457 2717 487 2775; x_wconf 94' lang='lat' dir='ltr'><strong>id</strong></span> <span class='ocrx_word' id='word_1_180' title='bbox 508 2719 684 2795; x_wconf 84' lang='lat' dir='ltr'><strong>corrigatur;</strong></span> <span class='ocrx_word' id='word_1_181' title='bbox 706 2718 803 2792; x_wconf 85' lang='lat' dir='ltr'><strong>hique,</strong></span> <span class='ocrx_word' id='word_1_182' title='bbox 824 2728 853 2777; x_wconf 86' lang='lat' dir='ltr'><strong>et</strong></span> <span class='ocrx_word' id='word_1_183' title='bbox 867 2729 900 2778; x_wconf 81' lang='lat'><strong>25</strong></span> 
     </span>
     <span class='ocr_line' id='line_1_27' title="bbox 62 2813 852 2890; baseline 0.004 -18"><span class='ocrx_word' id='word_1_184' title='bbox 62 2833 161 2872; x_wconf 86' lang='lat' dir='ltr'><strong>secum</strong></span> <span class='ocrx_word' id='word_1_185' title='bbox 184 2824 216 2870; x_wconf 87' lang='lat' dir='ltr'><strong>et</strong></span> <span class='ocrx_word' id='word_1_186' title='bbox 241 2831 309 2870; x_wconf 90' lang='lat' dir='ltr'><strong>cum</strong></span> <span class='ocrx_word' id='word_1_187' title='bbox 334 2813 407 2885; x_wconf 87' lang='lat' dir='ltr'><strong>aliis,</strong></span> <span class='ocrx_word' id='word_1_188' title='bbox 429 2814 497 2889; x_wconf 91' lang='lat' dir='ltr'><strong>quid</strong></span> <span class='ocrx_word' id='word_1_189' title='bbox 519 2815 550 2873; x_wconf 90' lang='lat' dir='ltr'><strong>in</strong></span> <span class='ocrx_word' id='word_1_190' title='bbox 573 2834 609 2873; x_wconf 92' lang='lat' dir='ltr'><strong>eo</strong></span> <span class='ocrx_word' id='word_1_191' title='bbox 631 2824 784 2890; x_wconf 87' lang='lat' dir='ltr'><strong>peccatum</strong></span> <span class='ocrx_word' id='word_1_192' title='bbox 805 2814 852 2888; x_wconf 88' lang='lat' dir='ltr'><strong>sit,</strong></span> 
     </span>
     <span class='ocr_line' id='line_1_28' title="bbox 59 2909 854 2994; baseline 0.006 -26"><span class='ocrx_word' id='word_1_193' title='bbox 59 2912 233 2987; x_wconf 81' lang='lat' dir='ltr'><strong>eaninmt3</strong></span> <span class='ocrx_word' id='word_1_194' title='bbox 262 2909 306 2968; x_wconf 85' lang='lat' dir='ltr'><strong>sio</strong></span> <span class='ocrx_word' id='word_1_195' title='bbox 325 2910 449 2994; x_wconf 79' lang='lat' dir='ltr'><strong>eliorum</strong></span> <span class='ocrx_word' id='word_1_196' title='bbox 472 2911 584 2989; x_wconf 84' lang='lat' dir='ltr'><strong>judicio</strong></span> <span class='ocrx_word' id='word_1_197' title='bbox 606 2912 749 2990; x_wconf 85' lang='lat' dir='ltr'><strong>permulta</strong></span> <span class='ocrx_word' id='word_1_198' title='bbox 768 2913 854 2973; x_wconf 91' lang='lat' dir='ltr'><strong>nobis</strong></span> 
     </span>
    </p>
   </div>
   <div class='ocr_carea' id='block_1_3' title="bbox 0 0 957 3750">
    <p class='ocr_par' dir='ltr' id='par_1_4' title="bbox 0 0 957 3750">
     <span class='ocr_line' id='line_1_29' title="bbox 0 0 957 3750; baseline 0 0"><span class='ocrx_word' id='word_1_199' title='bbox 0 0 957 3750; x_wconf 95' lang='lat' dir='ltr'><strong> </strong></span> 
     </span>
    </p>
   </div>
  </div>
 </body>
</html>
