1904 3750
74 255 115 319 tt)
353 263 441 310 erro
461 263 576 322 uiros,
597 263 660 312 seu

123 430 141 469 a
167 412 254 469 sociis
275 411 433 482 attulisset;
455 422 485 468 et
506 412 617 469 caeteris
638 413 668 469 in
689 413 775 468 rebus
796 430 909 470 comem

122 526 192 584 erga
209 507 389 582 Lysandrum
409 518 494 582 atque
522 509 679 566 humanum
708 508 806 580 fuisse,
829 518 858 565 et
881 509 908 566 ei

122 605 274 678 quemdam
302 613 471 679 conseptum
503 623 613 680 agrum,
635 604 788 681 diligenter
816 605 910 662 consi·

122 710 193 772 tum,
221 700 390 760 ostendisse.
432 701 508 758 Cum
529 710 625 759 autem
647 701 835 759 admiraretur
854 701 910 776 Ly-

88 797 225 855 5sander
255 807 284 854 et
303 797 492 872 proceritates
517 799 661 869 arborum,
676 808 705 855 et
730 798 857 856 directos
878 798 908 855 in

120 893 314 967 quincuncem
329 894 454 964 ordines,
470 903 499 950 et
513 894 631 951 humum
652 895 802 952 subactam
824 904 909 969 atque

119 1009 231 1066 puram,
253 1000 283 1047 et
302 990 472 1048 suavitatem
493 990 615 1048 odorum
636 990 685 1065 qui
708 990 908 1048 afflarenture

120 1085 255 1157 floribus;
276 1097 338 1144 turn
359 1086 474 1158 dixisse,
489 1086 587 1144 mirari
607 1105 638 1143 se
659 1103 718 1142 non
739 1086 826 1143 modo
847 1085 910 1143 dili-

120 1183 258 1260 gentiam,
274 1184 426 1241 sedetiam
450 1182 596 1240 solertiam
618 1182 689 1258 ejus,
705 1200 795 1256 aquo
814 1193 910 1240 essent

73 1287 104 1338 10
120 1279 170 1338 illa
189 1280 321 1337 dimensa
343 1290 428 1354 atque
448 1279 606 1355 descripta;
638 1288 668 1336 et
689 1279 716 1335 ei
738 1278 846 1352 Cyrum
867 1297 910 1337 re·

120 1376 286 1451 spondisse:
309 1376 431 1450 “Atqui
451 1394 506 1452 ego
525 1376 623 1433 omnia
643 1375 697 1432 ista
716 1393 780 1431 sum
801 1374 911 1432 dimen-

120 1491 186 1530 sus:
215 1473 272 1530 mei
292 1481 358 1529 sunt
380 1471 507 1543 ordines,
530 1490 595 1529 mea
615 1471 790 1546 descriptio;
812 1471 910 1529 multe

120 1567 207 1624 etiam
235 1568 353 1624 istarum
375 1568 508 1624 arborum
529 1567 595 1624 med
615 1585 703 1625 manu
723 1577 791 1624 sunt
810 1567 908 1624 sate.''

121 1661 200 1719 Tum
222 1662 413 1737 Lysandrum,
429 1661 589 1718 intuentem
609 1661 671 1738 ejus
692 1681 859 1737 purpuram,
881 1671 909 1718 et

73 1765 103 1814 15
120 1757 243 1814 nitorem
267 1758 406 1833 corporis,
429 1768 619 1833 ornatumque
644 1758 793 1816 Persicum
818 1758 909 1815 multo

121 1873 191 1911 auro
215 1855 369 1929 multisque
393 1855 525 1931 gemmis,
547 1856 671 1912 dixisse:
694 1855 817 1911 “Recte
841 1872 909 1911 vero

119 1963 158 2021 te,
174 1950 260 2026 Cyre,
276 1952 391 2008 beatum
407 1951 510 2021 ferunt,
527 1951 662 2024 quoniam
678 1950 773 2007 virtuti
785 1960 842 2008 ture
854 1950 909 2007 sor·

119 2057 191 2105 tuna
205 2047 361 2124 conjuncta
375 2049 445 2105 est.’'

160 2144 226 2202 Hac
241 2145 327 2221 igitur
342 2144 457 2201 sonunt
472 2144 526 2201 frui
540 2144 609 2200 licet
624 2143 756 2200 senibus:
772 2162 829 2199 nec
840 2152 909 2200 retas

71 2256 103 2307 20
120 2241 249 2317 impedit,
272 2242 425 2316 quominus
446 2251 475 2297 et
496 2251 665 2298 creterarurn
685 2258 791 2310 rerum,
807 2249 836 2297 et
857 2240 908 2296 im·

119 2339 221 2414 primis
244 2339 304 2414 agri
328 2338 453 2408 colendi,
476 2338 571 2394 studia
591 2347 740 2394 teneamus
761 2354 852 2410 usque
873 2336 908 2392 ad

119 2435 252 2493 ultimum
266 2446 379 2509 tempus
394 2434 559 2491 senectutis.
603 2433 643 2491 M.
667 2433 783 2508 quidem
797 2432 908 2490 Valeri-

119 2550 168 2588 um
188 2532 315 2589 Corvum
337 2530 500 2606 accepimus
522 2529 556 2586 ad
579 2530 768 2586 centesimum
801 2547 907 2585 annum

118 2628 296 2703 perduxisse,
320 2646 386 2684 cnm
409 2636 484 2683 esset
508 2626 573 2682 aetii
593 2626 652 2701 jam
676 2636 759 2683 aetate
775 2625 804 2681 in
820 2624 907 2700 agris,

70 2727 102 2777 25
119 2742 224 2799 eosque
246 2724 368 2780 coleret:
399 2723 481 2798 cujus
504 2722 577 2779 inter
601 2721 724 2797 primum
746 2730 776 2777 et
795 2731 907 2777 sextum

119 2821 310 2891 consulatum,
326 2839 375 2876 sex
386 2829 414 2876 et
428 2819 617 2895 quadraginta
631 2817 698 2875 anni
707 2815 906 2873 interfuerunt.

114 2914 220 2992 Itaque
235 2927 373 2992 quantum
385 2916 507 2991 spatium
523 2915 614 2971 artatis
629 2914 751 2989 majores
764 2912 856 2968 nostri
872 2913 907 2970 ad

104 3016 276 3076 senectutis
288 3015 407 3076 initium
423 3032 489 3073 esse
501 3011 768 3081 minueremus
787 3008 830 3066 ilii
844 3027 908 3067 cur·
