1904 3750
228 290 365 349 amarus,
384 291 457 338 srva
477 292 520 338 ns
540 289 696 339 amorum.
860 280 901 339 83

68 437 177 496 neutris
197 439 318 516 gratiam
339 440 445 498 referre
459 449 564 516 posset.
604 438 783 516 Quanquam
805 437 845 495 mi

67 552 124 607 ror,
139 534 189 592 int
209 536 344 611 superbiai
363 547 392 594 et
406 537 632 612 importunitate,
647 537 671 593 ri
686 554 856 610 quemquam

67 630 173 688 habere
192 633 295 707 potuit.
334 633 431 709 Atque
451 643 483 691 ut
503 633 597 710 hujus,
613 651 697 708 quem
713 631 783 704 disi,
797 649 858 690 mo·

66 745 113 784 res
132 746 215 785 veros
236 728 344 786 amieos
370 747 472 805 parare
492 747 551 786 non
571 727 702 804 potuere,
722 727 765 786 sie
786 727 858 786 mul·

65 831 162 880 torum
188 826 503 901 opespraepotentium
530 825 687 882 excludunt
715 825 887 884 amicitias5

66 918 173 976 fideles.
215 919 285 977 Non
305 921 382 978 enim
397 920 490 978 solum
505 920 568 996 ipsa
581 920 696 978 fortuna
709 940 789 979 ceca
802 931 855 993 est,

65 1015 117 1071 sed
131 1034 181 1072 eos
194 1016 281 1073 etiam
295 1017 463 1092 plerumque
476 1016 565 1074 efficit
578 1035 683 1088 caecos,
694 1036 765 1091 quos
779 1037 856 1075 oom-

64 1111 148 1185 piexa
167 1122 219 1169 est.
260 1112 360 1188 Itaque
380 1114 537 1170 efferuntur
558 1112 600 1169 illi
621 1112 680 1169 sere
698 1114 813 1171 fastidio
826 1124 856 1172 et

65 1208 265 1265 contumacia:
281 1228 373 1282 neque
383 1209 538 1283 quidquam
549 1209 855 1284 insipientesortunato
919 1225 920 1228 ’

65 1303 275 1360 intolerabilius
289 1305 351 1361 fieri
364 1301 466 1380 potest.
833 1304 835 1308 ’
870 1313 901 1362 10

104 1399 202 1472 Atque
223 1399 280 1455 hoo
297 1399 414 1474 quidem
430 1400 524 1457 videre
538 1401 617 1472 lieet,
632 1419 692 1472 eos,
707 1400 756 1475 qui
771 1411 856 1460 antea

64 1495 224 1551 commodis
251 1495 367 1552 suerunt
391 1495 529 1568 moribus,
551 1496 682 1572 imperio,
702 1507 855 1572 potestate,

62 1590 206 1665 prosperis
227 1591 322 1662 rebus,
338 1590 500 1661 immutari3
525 1593 678 1668 spernique
699 1593 734 1650 ab
756 1593 791 1650 iis
809 1612 855 1650 ve·

63 1696 138 1742 teres
166 1686 319 1757 amicitias,
344 1687 488 1764 indulgeri
515 1688 605 1746 novis.
646 1689 730 1750 Quid
758 1701 854 1747 autem

63 1780 187 1853 stultius,
208 1802 304 1856 quam,
326 1784 568 1859 cumplurimum
589 1785 692 1860 copiis,
713 1786 900 1852 facultatix15

63 1877 127 1947 bus,
142 1877 245 1951 opibus
257 1879 377 1953 possint,
392 1889 498 1937 caetera
515 1899 626 1954 parare,
641 1899 704 1955 que
717 1895 854 1957 parantur

61 1973 197 2047 pecuniis,
218 1991 317 2048 equos,
338 1973 470 2046 famulos,
489 1985 596 2032 vestem
617 1977 773 2053 egregiam,
787 1997 855 2035 vasa

61 2068 205 2142 pretiosa;
234 2069 342 2127 amieos
368 2090 427 2127 non
453 2089 564 2146 parare,
585 2070 724 2146 optimam
744 2082 772 2129 et
792 2073 854 2147 pul-

61 2165 234 2222 cherrimam
262 2165 336 2237 vite,
364 2176 397 2223 ut
422 2167 464 2223 ita
490 2166 596 2237 dicam,
623 2166 852 2241 supellectilem?

61 2260 187 2332 Etenim,
203 2271 308 2319 oaetera
321 2281 388 2319 eum
402 2273 513 2338 parant,
525 2263 572 2320 oui
586 2271 696 2338 parent,
707 2264 851 2336 nesciunt,
866 2273 899 2322 20

60 2375 117 2414 neo
131 2357 214 2433 cujus
228 2359 316 2416 causi
330 2360 480 2416 laborent:
508 2360 569 2436 ejus
583 2359 661 2416 enim
675 2369 718 2416 est
732 2359 852 2417 istorum

58 2453 203 2529 quodque,
226 2455 276 2530 qui
303 2455 394 2513 vineit
421 2456 548 2512 viribus:
581 2454 772 2513 amicitiarum
799 2476 853 2516 sua

60 2550 166 2624 cuique
180 2561 330 2626 permanet
350 2553 461 2610 stabilis
484 2563 513 2610 et
531 2562 612 2609 eerta
624 2552 786 2627 possessio:
808 2564 850 2625 ut,

57 2645 146 2702 etiam
168 2647 193 2703 si
214 2647 263 2705 illa
281 2660 428 2719 maneant,
444 2668 507 2722 quae
526 2657 593 2705 sunt
608 2647 691 2722 quasi
705 2648 783 2706 dona
795 2649 851 2707 for·

58 2751 146 2813 tunae,
161 2753 257 2800 tamen
277 2744 336 2802 vita
356 2744 475 2814 inculta,
497 2753 526 2801 et
548 2744 661 2801 deserta
681 2745 717 2801 ab
738 2744 848 2818 amieis,
864 2761 896 2811 25

59 2856 118 2896 non
132 2840 224 2914 possit
239 2859 301 2897 esse
313 2839 451 2916 jucunda.
494 2841 552 2897 Sed
566 2840 629 2897 haee
643 2842 793 2899 haetenus.

99 3031 180 3090 XVI.
217 3032 423 3094 Constituendi
451 3045 552 3095 autem
577 3043 664 3106 sunt,
681 3033 739 3108 qui
758 3027 885 3085 sintm-
