1904 3750
68 629 110 687 56
404 634 448 681 nn
464 634 609 681 osmcns.
833 631 885 692 11..ss

114 783 185 841 illud
198 786 301 859 podtas
315 782 450 855 dicimus,
465 782 542 857 quod
561 781 674 853 deceat,
689 799 760 843 cum
771 779 811 854 id,
827 797 885 856 quo

114 881 227 954 quique
241 880 365 955 persond
380 879 499 956 dignum
513 888 566 951 est,
581 889 611 936 et
621 878 662 951 fit,
674 888 703 936 et
716 878 841 935 dicitur:
862 895 885 936 u¹

114 975 138 1033 si
153 975 264 1032 AEacus
279 986 327 1032 aut
341 974 441 1033 Minos
455 975 575 1048 diceret,

269 1091 285 1118 “
296 1087 410 1151 Oderint,
420 1088 482 1136 dum
492 1093 607 1136 metuant
615 1087 640 1136 :’'

85 1176 174 1242 baut,

270 1269 286 1297 ‘⁴
297 1265 369 1314 Natis
380 1265 495 1328 sepulcro
505 1265 558 1328 ipse
569 1270 609 1313 est
619 1279 708 1328 parens
718 1264 742 1312 :⁹⁹

115 1365 284 1423 indecorum
298 1365 443 1422 videretur
453 1385 461 1435 ;
483 1365 559 1439 quod
577 1383 628 1421 eos
648 1364 737 1421 fuisse
754 1364 877 1440 justosa

115 1462 254 1537 cepimus,
294 1462 345 1533 At,
356 1462 449 1519 Atreo
460 1462 586 1533 dicente,
597 1461 715 1537 plausus
725 1461 873 1518 excitante

116 1569 160 1614 est
174 1558 251 1615 enim
263 1559 352 1635 digna
364 1558 488 1634 personia
502 1558 603 1615 oratio.
646 1557 704 1615 Sed
718 1561 822 1633 poetar,
837 1576 873 1631 qu

72 1663 104 1712 10
117 1673 259 1729 quemque
274 1656 386 1726 deceat,
401 1673 437 1710 ex
450 1655 573 1730 persona
588 1654 769 1729 judicabunt.
810 1652 872 1710 Noi

117 1761 213 1808 autem
221 1769 373 1826 personam
386 1750 523 1825 imposuit
535 1751 596 1825 ipsa
607 1750 830 1826 natura,magnd
838 1767 870 1806 cu

116 1847 517 1922 excellentiipraestantidque
525 1847 712 1903 animantium
720 1846 868 1920 reliquant

116 1943 268 2004 Quocirca
281 1947 385 2017 poeta,
401 1943 431 2000 in
446 1944 550 2019 magud
561 1944 699 2000 varietate
709 1961 866 2017 personatu

116 2039 204 2096 etiarn
218 2039 329 2095 vitiosis
347 2039 417 2113 quid
438 2040 600 2110 conveniat,
616 2041 724 2114 etquid
741 2039 852 2110 deceat,

73 2137 104 2185 15
117 2133 242 2191 debunt:
264 2135 349 2191 nobis
364 2144 459 2191 autem
475 2153 551 2204 cum,
568 2135 711 2205 anaturri,
727 2137 863 2192 constant*

116 2229 334 2301 moderationis,
362 2231 567 2306 temperantiae,
596 2230 777 2288 verecundie
810 2249 861 2306 par

117 2327 191 2383 datae
212 2327 285 2396 sint3
316 2345 440 2401 cumque
467 2327 568 2384 eadem
589 2338 692 2385 natura
712 2327 825 2398 doceat,
847 2347 859 2384 r

117 2423 275 2500 negligere,
290 2424 532 2498 quemadmodum
553 2443 607 2480 nos
627 2424 761 2480 adversus
775 2423 858 2480 homi:

117 2538 267 2596 geramus3
289 2520 423 2591 efficitur,
437 2530 470 2577 ut
490 2531 519 2577 et
540 2521 621 2591 illud,
637 2521 714 2595 quod
735 2521 771 2577 ad
791 2539 856 2576 omn

73 2618 105 2667 20
118 2615 298 2674 honestatem
318 2617 453 2692 pertinet,
468 2617 616 2687 decorum,
632 2636 717 2691 quam
738 2616 795 2673 late
813 2617 854 2672 fus

118 2713 164 2782 sit,
181 2723 330 2788 appareat;
353 2724 380 2770 et
396 2713 462 2784 hoc,
478 2714 555 2787 quod
576 2723 720 2788 spectatur
736 2713 765 2770 in
780 2732 852 2788 unoq

84 2829 86 2832 ’
118 2827 174 2882 que
189 2827 295 2886 genere
310 2809 431 2866 virtutis.
473 2809 512 2866 Ut
523 2810 600 2865 enim
611 2808 797 2884 pulchritudo
809 2828 851 2866 cor

118 2905 158 2961 ris
173 2906 238 2981 apti
253 2906 464 2979 compositione
479 2907 670 2963 membrorum
686 2916 782 2962 movet
796 2925 849 2962 ocu

119 3012 147 3057 et
161 3001 286 3058 delectat
300 3001 357 3057 hoc
372 3001 441 3076 ipso,
457 3001 531 3075 quod
554 3002 627 3058 inter
648 3020 679 3057 se
700 3020 801 3057 omnes
814 3022 847 3078 pa

74 3101 106 3150 25
120 3115 186 3152 cum
208 3097 331 3170 quodam
352 3097 449 3172 lepore
471 3098 673 3166 consentiunt;
696 3098 739 3154 sic
754 3097 843 3155 hocd

119 3210 193 3261 rurn,
208 3193 285 3267 quod
305 3191 402 3248 elucet
423 3192 452 3248 in
472 3193 541 3264 vitri,
556 3203 651 3250 movet
673 3195 844 3268 approbatio:

117 3305 219 3343 eorum
241 3289 413 3362 quibuscum
429 3289 541 3358 vivitur,
558 3290 670 3361 ordine,
685 3300 714 3346 et
735 3301 843 3348 constat

100 3387 134 3432 er
142 3383 353 3444 moderatione
365 3385 514 3445 dictorum
522 3387 653 3446 omnium
663 3397 747 3462 atque
756 3387 841 3445 sacto]
