1904 3750
73 248 130 310 1⁰2
277 257 414 317 nmmos,
432 257 506 306 s1vn
526 258 570 307 ns
587 255 744 306 moruus.

118 425 185 464 cum
199 405 286 464 ferret
306 405 400 483 legem
419 407 457 464 de
476 407 600 465 tribunis
619 405 713 484 plebis
726 402 906 462 reficiendis!

118 502 313 560 Dissuasimus
325 522 386 561 nos.
428 502 487 561 Sed
501 503 573 560 nihil
583 502 620 560 de
634 521 697 560 me:
718 501 755 560 de
768 500 908 577 Scipione

118 599 214 657 dicam
233 599 376 657 libentius.
417 599 539 662 Quanta
556 600 606 658 ilia
619 598 684 676 (Dii
697 597 872 656 immortales
884 597 906 677 i)

120 696 172 753 suit
195 695 334 771 gravitas!
363 707 471 772 quanta
493 697 524 754 in
546 696 675 754 oratione
697 695 848 771 majestas!
876 703 909 752 ut

88 792 203 852 5sacile
220 791 325 849 ducem
345 793 445 868 populi
466 792 605 865 Romani,
619 811 678 850 non
700 793 846 864 comitem,
867 790 909 849 di·

119 906 208 945 ceres.
252 887 325 966 (Sed
340 890 476 947 affuistis:
498 900 527 947 et
540 899 584 948 est
599 890 629 947 in
643 889 775 947 manibus
789 888 906 967 oratio.)

118 984 220 1059 Itaque
241 986 288 1043 lex
308 987 454 1064 popularis
477 986 622 1063 suffragiis
642 986 742 1063 populi
758 986 909 1060 repudiata

119 1091 170 1138 est.
212 1082 319 1158 Atque,
344 1094 376 1141 ut
400 1084 437 1142 ad
459 1102 506 1141 me
526 1085 651 1155 redeam,
670 1082 851 1152 meministis,
865 1081 906 1144 Q.

120 1177 259 1251 Maximo,
272 1180 356 1238 fratre
371 1181 527 1256 Scipionis,
539 1190 568 1237 et
582 1180 614 1237 L.
627 1179 768 1237 Mancino
783 1178 908 1236 consuli·

74 1273 105 1323 10
120 1276 183 1347 bus,
197 1296 283 1352 quam
296 1278 441 1352 popularis
456 1278 504 1334 lex
517 1277 553 1335 de
567 1276 735 1334 sacerdotiis
749 1275 783 1333 0.
800 1274 907 1333 Licinii

120 1372 218 1429 Crassi
231 1373 398 1430 videbatur:
420 1374 567 1449 cooptatio
581 1373 658 1430 enim
672 1373 860 1449 collegiorum
872 1372 907 1430 ad

118 1470 218 1544 populi
232 1470 403 1528 beneficium
424 1470 655 1528 transferebatur.
696 1468 794 1544 Atque
815 1469 839 1526 is
851 1469 908 1544 pri·

120 1585 198 1622 mum
210 1566 340 1636 instituit,
352 1566 380 1622 in
391 1566 483 1622 forum
493 1585 601 1637 versus,
615 1584 700 1642 agere
711 1584 777 1623 cum
788 1566 905 1641 populo:

119 1671 214 1717 tamen
228 1662 302 1718 illius
313 1662 486 1718 vendibilem
496 1663 655 1718 orationem
666 1662 768 1738 religio
781 1663 907 1719 Deorum

75 1763 104 1810 15
119 1757 332 1829 immortalium,
353 1759 437 1814 nobis
457 1759 687 1830 defendentibus,
708 1759 792 1816 sacile
813 1760 908 1816 vince·

119 1854 175 1910 bat.
217 1854 314 1928 Atque
341 1855 369 1910 id
398 1865 494 1911 actum
517 1864 570 1926 est,
598 1866 720 1930 praetore
748 1875 803 1927 me,
828 1857 908 1931 quin·

119 1951 244 2025 quennio
259 1961 324 2008 ante
335 1971 418 2027 quam
431 1952 531 2010 consul
546 1972 609 2008 sum
624 1953 724 2010 sactus.
766 1953 866 2029 Itaque
877 1972 908 2010 re

119 2048 220 2124 magis,
235 2068 319 2123 quam
335 2049 514 2120 auctoritate,
527 2068 615 2106 causa
629 2049 678 2105 illa
692 2050 811 2107 defensa
825 2061 878 2108 est.

158 2241 271 2298 XXVI.
299 2241 388 2302 Quod
400 2241 424 2298 si
436 2242 465 2298 in
477 2241 564 2298 scenri
578 2239 620 2316 [id
630 2253 682 2313 est,
693 2243 722 2299 in
735 2243 905 2323 concione],

72 2346 104 2395 20
119 2336 148 2393 in
163 2339 219 2412 qud
235 2339 320 2395 rebus
334 2338 409 2394 fictis
428 2349 457 2394 et
479 2338 654 2396 adumbratis
674 2340 731 2396 loci
751 2340 907 2414 plurimum

118 2443 170 2503 est,
185 2443 280 2490 tamen
295 2453 393 2491 verum
405 2435 479 2490 valet
492 2434 531 2509 (si
544 2434 630 2491 modo
645 2435 675 2491 id
688 2436 862 2510 patefactum
877 2448 907 2494 et

118 2528 288 2588 illustratum
312 2532 379 2608 est),
405 2531 473 2605 quid
496 2531 525 2587 in
549 2531 677 2588 amicitiai
699 2532 759 2588 fieri
782 2544 905 2608 oportet,

116 2645 179 2701 quae
199 2635 260 2682 tota
279 2627 399 2683 veritate
418 2627 624 2701 perpenditur?
648 2628 678 2684 in
698 2629 755 2703 quai
775 2629 830 2685 nisi
860 2630 906 2703 (ut

117 2722 236 2800 dicitur)
258 2733 387 2797 apertum
407 2733 508 2797 pectus
527 2723 633 2795 videas,
655 2734 793 2800 tuumque
811 2736 907 2783 osten-

70 2830 102 2879 ffi
117 2817 176 2887 das,
202 2818 272 2875 nihil
297 2819 395 2890 fidum,
417 2819 488 2876 nihil
513 2820 690 2894 exploratum
715 2821 837 2878 habeas:
867 2841 906 2879 ne

111 2931 210 2972 amare
221 2915 348 2993 quidem,
360 2927 408 2973 aut
419 2916 523 2984 amari3
539 2935 615 2987 cum,
632 2917 660 2974 id
672 2936 756 2994 quam
767 2935 831 2973 vere
843 2917 904 2991 fiat,

97 3011 233 3091 ignores.
285 3017 473 3096 Quanquam
505 3013 566 3072 ista
591 3014 757 3082 assentatio,
777 3016 908 3084 quamuis
