1904 3750
54 246 91 296 ‚u
100 249 144 309 ιι]
360 245 402 291 na
420 245 565 292 ouurcns.
848 233 904 293 123

63 397 194 475 ingenio,
209 395 242 453 in
264 393 420 470 primisque
435 393 539 465 clame,
555 392 671 470 gloriari
691 394 811 467 solebat,
826 413 857 452 se

65 495 129 553 sine
157 493 217 550 ullo
245 508 367 547 munere
397 491 530 566 adeptum
564 509 626 548 esse
660 492 766 564 omnia,
794 512 857 567 quae

64 590 243 648 haberentur
259 586 441 661 amplissima.
483 586 608 644 Dicebat
622 587 698 645 idern
710 588 743 646 C.
756 589 855 646 Curio

66 685 164 743 Nobis
177 702 294 760 quoque
309 681 377 739 licet
391 683 419 739 in
435 683 492 739 hoc
505 684 717 757 quodammodo
731 684 856 761 gloriari.

65 781 157 852 Nam,
184 798 238 855 pro
266 778 453 853 amplitudine
481 779 621 837 honorum
648 800 721 856 quos
745 784 888 840 cunctis5

66 876 215 953 suffragiis
250 874 346 949 adepti
379 894 477 932 sumus
511 887 608 933 nostro
635 878 749 952 quidem
783 898 858 936 anno

58 973 162 1052 (quod
183 971 308 1047 contigit
328 990 427 1028 eorum
448 973 557 1029 nemini
574 992 646 1047 quos
666 975 751 1032 modo
770 976 859 1033 nomi·

68 1071 162 1149 nari),
177 1088 248 1126 sane
262 1068 383 1144 exiguus
397 1079 527 1143 sumptus
542 1068 685 1125 aedilitatis
700 1070 760 1127 suit.

109 1166 209 1241 Atque
242 1165 331 1222 etiam
362 1164 417 1221 illae
445 1164 580 1239 impensae
608 1165 747 1236 meliores,
775 1167 858 1239 muri,

64 1261 194 1333 navalia,
208 1270 318 1336 portus,
334 1279 470 1334 aquarum
493 1260 606 1331 ductus,
621 1260 783 1336 omniaque,
797 1281 860 1336 quae
875 1266 905 1316 10

70 1359 106 1416 ad
121 1376 206 1415 usum
218 1355 384 1431 reipublice
395 1357 547 1432 pertinent.
588 1355 774 1432 Quanquam,
785 1358 860 1433 quod

69 1472 196 1532 praesens
210 1464 346 1526 tanquam
358 1452 386 1509 in
398 1471 513 1509 manum
526 1453 619 1526 datur,
631 1453 788 1530 jucundius
801 1465 858 1527 est;

70 1559 168 1607 tamen
183 1549 246 1605 haec
261 1547 291 1603 in
305 1558 449 1623 posterum
469 1549 602 1624 gratiora.
644 1549 784 1624 Theatra,
797 1571 860 1627 por·

68 1644 156 1715 tiens,
167 1663 244 1702 nova
253 1642 370 1718 templa,
379 1645 569 1701 verecundius
580 1646 767 1722 reprehendo,
779 1667 860 1725 prop-

71 1750 115 1798 ter
135 1740 324 1816 Pompeium:
347 1740 397 1796 sed
418 1741 576 1798 doctissimi
597 1761 655 1799 non
675 1745 806 1819 probant,
827 1739 905 1803 ut'15

67 1847 101 1895 et
114 1837 164 1894 hic
184 1837 246 1913 ipse
266 1835 420 1907 Panaetius,
436 1855 520 1910 quern
541 1838 661 1895 multum
677 1841 705 1896 in
720 1840 764 1898 his
778 1841 859 1898 libris

66 1942 189 1990 ‚secutus
216 1948 292 2000 sum,
317 1949 375 1987 non
403 1931 620 2006 interpretatus;
648 1945 677 1990 et
703 1935 859 1993 Phalereus

72 2026 249 2097 Demetrius,
278 2025 327 2100 qui
360 2026 512 2099 Periclem,
539 2029 698 2103 principem
727 2031 859 2102 Graeciae,

69 2123 223 2200 vituperat,
238 2121 315 2197 quod
330 2125 437 2179 tantam
451 2124 604 2199 pecuniam
619 2125 648 2180 in
662 2123 798 2199 preclara
812 2125 874 2182 illas

69 2219 216 2295 propylaea
237 2217 403 2293 conjecerit.
445 2220 504 2276 Sed
526 2218 562 2276 de
584 2219 640 2276 hoc
662 2226 906 2295 generatorem

72 2314 102 2373 in
130 2315 166 2372 iis
192 2314 284 2380 libris,
308 2332 380 2388 quos
406 2315 442 2372 de
470 2314 635 2389 Republicd
662 2315 773 2390 scripsi,
799 2314 861 2371 dili·

72 2421 174 2488 genter
188 2420 233 2467 est
247 2409 431 2484 disputatum.
473 2410 552 2468 Tota
566 2411 652 2488 igitur
666 2411 740 2467 ratio
760 2410 859 2468 talium

72 2505 258 2584 largitionum
273 2523 379 2580 genere
393 2506 495 2563 vitiosa
508 2516 560 2576 est,
572 2506 749 2582 temporibus
763 2524 861 2563 neces·

65 2603 163 2672 saria;
192 2611 222 2659 et
246 2611 308 2657 tum
333 2600 394 2675 ipsa
416 2612 445 2658 et
470 2601 504 2658 ad
529 2602 679 2660 facultates
703 2619 862 2660 accommo-

69 2698 177 2772 danda,
192 2708 222 2755 et
235 2697 435 2754 mediocritate
449 2698 625 2756 moderanda
638 2709 689 2756 est.
876 2711 910 2762 ω

105 2889 227 2952 XVIII.
249 2887 285 2948 In
300 2889 350 2947 illo
365 2898 459 2950 autern
474 2891 563 2950 altero
583 2910 689 2969 genere
709 2884 867 2965 largiendi,
