1904 3750
321 290 364 337 uu
385 290 587 338 sannorum.
862 275 899 332 17

65 436 218 493 sedetiam
234 437 342 514 augeri,
357 451 492 495 senectus
505 437 586 494 solet.
628 434 695 492 Nisi
709 434 782 491 forte
796 451 852 511 ego
868 455 888 475 κ

65 534 156 604 vobis,
179 533 228 607 qui
249 543 278 589 et
298 534 390 604 miles,
412 543 441 590 et
461 534 602 603 tribunae,
625 542 654 589 et
676 531 798 607 legatus,
824 539 853 588 et

65 628 177 700 consul,
198 639 326 686 versatus
347 649 410 687 sum
430 629 460 685 in
475 629 554 686 vario
574 646 680 704 genere
701 627 852 697 bellorum,

64 742 179 781 cessare
199 744 278 781 nuuc
298 725 407 796 videor,
429 743 496 782 cum
516 724 593 782 bella
612 742 671 780 non
692 742 770 801 gero.
811 723 854 779 At

63 820 186 892 senatui,
208 840 274 894 quae
297 831 364 877 sunt
384 821 522 896 gerenda,
546 820 712 895 praescribo,
734 829 763 876 et
784 834 885 894 quo-5

64 916 167 973 modo:
190 916 370 992 Carthagini,
392 915 467 973 male
484 915 607 991 jamdiu
629 915 779 992 cogitanti,
795 916 854 972 bel·

63 1011 124 1067 lum
147 1013 238 1070 multo
264 1023 329 1070 ante
354 1012 510 1082 denuntio;
539 1012 575 1068 de
600 1012 657 1086 qua
680 1012 773 1068 vereri
793 1031 853 1069 non

64 1118 132 1165 aute
153 1109 292 1182 desinam,
309 1128 393 1183 quam
415 1108 492 1165 illam
514 1107 641 1165 excisam
661 1126 725 1165 esse
746 1126 853 1185 cogno·

63 1223 140 1262 seru

102 1300 203 1362 Quam
225 1302 351 1377 palmam
375 1301 485 1359 utinam
509 1300 560 1358 Dii
585 1301 761 1359 immortales
788 1300 851 1372 tibi,
870 1305 900 1353 1⁰

63 1397 176 1472 Scipio,
201 1408 356 1469 reservent,
382 1408 413 1455 ut
438 1398 482 1455 avi
504 1397 641 1472 reliquias
661 1399 853 1473 persequare!

59 1494 147 1568 cujus
162 1513 179 1550 a
192 1505 283 1551 morte
298 1495 347 1551 hic
358 1494 458 1552 tertius
469 1505 498 1552 et
511 1494 674 1552 tricesimus
683 1504 728 1551 est
743 1513 851 1552 annus:

61 1590 115 1646 sed
136 1591 304 1647 memoriam
326 1591 403 1648 illius
423 1592 477 1648 viri
497 1591 642 1667 excipient
663 1611 763 1648 omnes
784 1591 852 1648 anni

62 1697 282 1761 consequentes.
332 1688 421 1745 Anno
446 1699 512 1747 ante
536 1708 582 1745 me
606 1707 757 1746 censorem
779 1707 854 1746 mor-

63 1792 130 1839 tuus
153 1793 206 1854 est,
225 1802 329 1840 novem
355 1785 437 1842 armis
456 1795 522 1860 post
542 1804 638 1842 meum
660 1785 851 1857 consulatum,
870 1795 901 1844 15

62 1897 132 1935 cum
153 1880 255 1937 consul
277 1879 390 1952 iterum,
411 1900 458 1936 me
480 1880 610 1952 consule,
632 1891 746 1938 creatus
767 1891 851 1939 esset.

63 1974 144 2032 Num
165 1976 263 2052 igitur,
284 1976 309 2033 si
331 1977 366 2034 ad
388 1978 577 2034 centesimum
598 1996 705 2034 annum
726 1977 852 2048 vixisset,

63 2073 222 2130 senectutis
235 2091 302 2130 eum
314 2092 373 2130 suae
386 2072 559 2147 poeniteretl
590 2091 646 2129 nec
660 2073 738 2129 enim
753 2091 854 2129 excur-

63 2167 155 2240 sione,
179 2187 235 2224 nec
254 2169 341 2239 saltu,
356 2187 411 2225 nec
432 2168 545 2225 eminus
566 2167 666 2239 hastis,
692 2178 742 2225 aut
766 2167 855 2226 comi·

62 2282 118 2321 nus
131 2264 236 2341 gladiis
256 2274 401 2335 uteretur;
424 2264 475 2320 sed
495 2264 628 2335 consilio,
647 2263 769 2334 ratione,
790 2259 901 2332 sen-“20

62 2362 171 2430 tenti&
190 2380 254 2435 quae
268 2360 323 2418 nisi
339 2361 480 2418 essentia
495 2360 622 2431 senibus,
636 2378 695 2416 nou
710 2378 854 2416 summum

64 2457 218 2514 consilium
239 2456 364 2532 majores
384 2456 475 2514 nostri
497 2457 688 2532 appellassent
708 2455 852 2513 Senatum.

64 2552 152 2628 Apud
176 2551 416 2610 Lacedaemonios
439 2553 567 2626 quidem,
594 2552 613 2610 ii
638 2551 688 2627 qui
716 2551 855 2627 amplissi-

63 2667 142 2705 mum
170 2649 370 2725 magistratum
397 2660 511 2725 gerunt,
536 2660 568 2707 ut
595 2659 671 2720 sunt,
696 2648 740 2705 sic
766 2648 855 2705 etiam

62 2746 260 2817 nominantur,
276 2764 368 2801 senes.
409 2743 500 2805 Quod
521 2745 546 2803 si
566 2746 663 2822 legere
685 2754 733 2802 aut
755 2743 854 2801 audire
869 2763 901 2813 25

63 2841 166 2898 voletis
185 2852 315 2912 externa,
337 2839 476 2897 maximas
496 2840 674 2917 respublicas
696 2842 732 2898 ab
746 2838 875 2898 adoles?

64 2939 198 2995 centibus
211 2937 379 3008 labefactas,
396 2955 413 2993 a
425 2935 544 2993 senibus
563 2946 737 2995 sustentatas
755 2946 784 2995 et
797 2955 854 2996 res·

64 3033 171 3108 titutas,
187 3033 348 3110 reperietis.

297 3133 349 3193 2⁸
