1934 3398
93 183 151 245 1⁰6
425 192 469 240 nn
488 192 636 241 ominus.
842 192 927 252 [un.

176 340 234 399 Sed
255 340 291 398 ed
310 360 369 402 non
389 341 494 418 pariter
515 361 616 400 omnes
637 360 772 420 egemus:
798 359 865 399 nam
889 341 926 399 ad

137 439 276 514 cujusque
290 438 376 495 vitam
397 439 555 497 institutam
578 439 854 497 accommodandum
870 449 926 509 est,

137 553 155 592 a
177 535 311 592 multisne
338 553 410 611 opus
434 535 480 606 sit,
506 555 542 593 an
567 536 637 592 satis
661 555 678 592 a
701 535 812 611 paucis,
833 535 925 611 diligi.

136 630 255 688 Certum
290 630 376 707 igitur
410 633 467 688 hoo
500 632 547 703 sit,
575 633 662 706 idque
689 642 719 688 et
745 631 870 707 primum
898 641 928 688 et

107 726 261 784 dmaxime
279 727 484 799 neeessariam,
500 727 709 784 familiaritates
729 726 836 784 habere
855 726 928 784 fidas

137 823 294 880 amantium
314 841 367 879 nos
389 823 557 894 amicorum,
578 832 607 880 et
627 832 726 879 nostra
740 822 926 879 mirantium:

136 919 200 977 haeo
219 920 296 977 enim
317 929 360 977 est
380 938 439 976 una
458 938 504 976 res
524 938 648 996 prorsus,
671 929 703 976 ut
723 938 781 976 non
804 919 927 976 multum

137 1015 250 1074 differat
263 1016 337 1074 inter
358 1033 485 1073 summos
498 1025 527 1072 et
541 1015 702 1072 medioeres
718 1015 811 1084 viros;
833 1034 926 1089 eaque

136 1112 264 1188 utrisque
275 1122 318 1170 est
331 1110 537 1188 propemodum
549 1111 751 1186 comparanda.
793 1111 926 1182 Honore,

94 1210 125 1260 10
138 1220 167 1267 et
187 1209 290 1286 gloria,
311 1219 340 1266 et
360 1207 560 1265 benevolentiis
581 1208 697 1278 civium,
720 1208 840 1264 sortasse
866 1226 926 1264 non

138 1324 219 1380 aeque
239 1323 340 1362 omnes
359 1312 462 1381 egent:
484 1304 535 1360 aed
556 1314 662 1376 tamen,
677 1303 764 1362 sioni
785 1304 848 1361 haeo
862 1323 928 1380 sup·

136 1411 247 1477 petunt,
276 1401 409 1476 adjuvant
442 1400 630 1474 aliquantum,
657 1411 719 1458 tum
746 1400 782 1457 ad
810 1410 927 1473 oaetera,

137 1506 199 1555 tum
214 1497 250 1554 ad
264 1497 405 1555 amicitias
419 1499 635 1573 comparandas.
655 1518 686 1562 ,s

176 1687 231 1746 IX.
254 1687 312 1745 Sed
327 1687 362 1744 de
378 1687 506 1745 amicitiai
527 1689 583 1746 alio
596 1689 670 1745 libro
684 1689 794 1747 dictum
809 1700 862 1760 est,
876 1689 927 1764 qui

94 1786 126 1836 15
138 1783 303 1842 inscribitur
315 1790 333 1816 “
342 1784 475 1841 Laelius.”
517 1784 547 1842 N
551 1804 607 1842 uno
621 1785 752 1842 dieamus
766 1786 802 1842 de
817 1786 910 1864 gloriis
918 1807 927 1856 ;

60 1895 64 1905 ‘
138 1900 310 1956 quanquam,
334 1881 370 1938 et
393 1900 507 1956 quoque
534 1881 570 1939 de
596 1901 637 1953 re,
662 1882 721 1939 duo
744 1893 811 1940 sunt
835 1883 928 1941 nostri

137 1977 221 2036 libri:
252 1977 307 2042 ¹sed
341 1977 524 2055 attingamus,
558 1979 789 2054 quandoquidem
823 1998 868 2050 ea,
897 1980 927 2037 in

138 2076 224 2133 rebus
250 2074 405 2150 majoribus
432 2074 675 2147 administrandis,
700 2076 814 2151 adjuvat
839 2076 929 2153 pluri·

139 2190 227 2231 mum.

95 2279 127 2329 20
180 2269 299 2326 Summa
326 2268 413 2345 igitur
437 2277 466 2324 et
487 2269 616 2343 perlecta
642 2268 735 2345 gloria
756 2279 868 2326 constat
892 2290 929 2328 ex

139 2365 231 2423 tribus
251 2364 312 2422 his:
333 2364 358 2421 si
379 2364 473 2441 diligit
492 2365 662 2434 multitudo;
684 2366 708 2422 si
723 2366 809 2423 fidem
823 2367 927 2438 habet3

140 2461 175 2532 si,
190 2480 258 2519 oum
279 2460 466 2517 admiratione
487 2461 620 2535 quddam,
636 2463 745 2519 honore
759 2481 811 2519 nos
825 2463 929 2539 dignos

139 2567 230 2633 putat,
272 2555 345 2614 Haeo
367 2567 470 2628 autem,
487 2556 525 2634 (si
539 2566 582 2614 est
603 2557 771 2633 simpliciter
792 2559 929 2617 breviter·

140 2672 196 2728 que
215 2653 384 2732 dioendum)
406 2653 510 2727 quibus
530 2655 615 2711 rebus
635 2666 771 2729 parantur
793 2674 810 2712 a
830 2655 930 2732 singu·

96 2749 186 2822 aslis,
208 2749 316 2809 eisdem
337 2749 396 2807 fere
417 2736 434 2806 a
453 2749 644 2809 multitudine.
697 2752 755 2808 Sed
783 2761 826 2808 est
855 2753 930 2811 alius

59 2920 62 2927 ι
141 2865 253 2923 quoque
280 2845 396 2922 quidam
424 2846 517 2904 aditus
544 2847 580 2904 ad
600 2848 823 2921 multitudinem,
845 2859 876 2907 ut
898 2849 930 2909 in

64 2976 72 2998 r
141 2941 339 3003 universorum
359 2941 469 3001 animos
489 2951 626 3018 tanquam
640 2943 761 3003 influere
773 2946 929 3022 possimus.
