1904 3750
51 245 140 307 um]
348 241 392 288 nn
413 224 559 290 ormena.
840 231 898 290 155

54 412 142 470 genus
172 393 351 471 pestiferum
379 400 463 466 atque
491 391 611 467 impium
638 409 673 448 ex
700 389 850 449 hominum

55 492 261 549 communitate
291 488 541 547 exterminandum
569 497 621 546 est.
663 487 790 560 Etenim,
818 498 851 547 ut

55 590 181 645 membra
206 587 343 664 quedam
371 595 564 660 amputantur,
592 585 616 642 si
643 595 673 643 et
699 586 762 662 ipsa
787 606 851 643 san·

55 684 151 760 guina,
172 694 202 741 et
222 695 363 759 tanquam
383 682 495 758 spiritu,
517 701 617 739 carere
642 694 800 760 coeperunt,
822 694 851 740 et

55 790 163 838 nocent
182 780 304 855 reliquis
331 779 460 855 partibus
488 780 633 856 corporis3
663 781 706 837 sic
733 781 797 852 ista,
819 781 882 838 in5

55 876 146 953 figurd
174 876 313 948 hominis,
335 875 433 932 feritas
454 885 483 932 et
510 876 676 933 immanitas
697 878 811 948 belluae,
834 897 851 935 a

55 973 205 1032 communi
232 983 371 1047 tanquam
398 972 578 1030 humanitate
605 974 735 1048 corporis
756 993 851 1051 segre·

55 1071 151 1148 ganda
183 1080 235 1128 est.
297 1068 394 1145 Hujus
427 1070 543 1147 generis
577 1078 643 1126 sunt
677 1071 850 1144 questiones

56 1186 157 1226 omnes
183 1187 237 1240 eae,
258 1167 290 1225 in
311 1166 415 1242 quibus
435 1186 471 1224 ex
494 1177 622 1243 tempore
648 1166 777 1223 officium
805 1184 852 1222 ex-

55 1265 186 1341 quiritur.
868 1272 898 1322 lu

93 1459 162 1518 VH.
192 1458 345 1537 Ejusmodi
373 1459 470 1536 igitur,
495 1460 593 1532 credo,
618 1480 664 1518 res
690 1458 851 1519 Panaetium

56 1566 276 1632 persecuturum
299 1555 397 1627 fuisse,
411 1556 468 1614 nisi
490 1557 578 1633 aliqui
597 1577 682 1616 casus
704 1569 752 1616 aut
765 1577 852 1615 occu·

56 1653 132 1728 patio
154 1651 314 1711 consilium
335 1651 396 1728 ejus
415 1654 600 1728 peremisset:
628 1656 662 1713 ad
684 1675 755 1732 quas
776 1655 851 1731 ipsas

58 1749 286 1807 consultationes
307 1767 344 1804 ex
363 1749 559 1825 superioribus
578 1751 659 1809 libris
673 1753 743 1810 satis
761 1753 853 1810 multa

57 1857 201 1923 precepta
223 1855 301 1916 sunt,
323 1845 427 1920 quibus
450 1848 575 1923 perspici
601 1850 703 1925 possit,
725 1850 793 1924 quid
814 1849 851 1908 sit
867 1861 898 1909 15

57 1954 173 2019 propter
201 1942 411 2018 turpitudinem
439 1944 624 2021 fugiendum
653 1945 722 2019 quid
750 1947 787 2002 sit
811 1945 850 2017 id,

56 2040 132 2115 quod
153 2040 268 2097 idcirco
292 2038 461 2116 fugiendum
488 2041 615 2110 nonsit,
637 2041 705 2115 quia
732 2041 851 2098 omnino

57 2145 139 2213 turpe
166 2154 227 2193 non
251 2135 296 2192 sit.
339 2136 407 2209 Sed,
429 2136 566 2212 quoniam
594 2136 675 2212 operi
703 2137 850 2208 inchoato,

58 2243 85 2290 et
104 2252 195 2310 prope
215 2233 275 2309 jam
299 2234 439 2305 absolut0,
460 2244 599 2308 tanquam
626 2231 773 2308 fastigium
801 2231 852 2288 im·
913 2303 915 2306 Α

56 2330 207 2405 ponimus;
230 2339 262 2386 ut
276 2340 431 2406 geometrae
446 2331 539 2387 solent
553 2348 612 2386 non
623 2327 721 2385 omnia
735 2328 850 2400 docere,
866 2334 898 2384 20

58 2427 106 2482 sed
126 2420 285 2503 postulare,
300 2435 332 2483 ut
345 2425 475 2500 quaedam
497 2425 551 2483 sibi
569 2425 778 2495 concedantur,
794 2443 851 2498 quo

57 2522 180 2595 facilius,
209 2542 273 2598 quae
304 2523 403 2594 velint,
432 2523 593 2598 explicent3
627 2522 670 2580 sic
697 2541 751 2599 ego
779 2540 796 2578 a
822 2531 851 2579 te

56 2621 181 2695 postulo,
196 2619 236 2676 mi
257 2618 373 2690 Cicero,
388 2629 420 2676 ut
436 2620 506 2676 mihi
527 2621 672 2678 concedas
687 2619 726 2696 (si
744 2620 850 2700 potes),

57 2717 138 2790 nihil,
162 2727 266 2792 praeter
288 2716 316 2773 id
338 2716 415 2790 quod
438 2717 590 2774 honestum
613 2716 660 2787 sit,
682 2727 798 2791 propter
820 2735 852 2772 se

57 2832 120 2872 esse
140 2812 344 2889 expetendum.
387 2812 439 2870 Sin
461 2813 518 2871 hoc
538 2833 597 2871 non
620 2814 690 2871 licet
709 2831 760 2888 per
782 2812 853 2871 Cra·
866 2815 899 2865 25

57 2911 178 2989 tippmn,
194 2919 223 2968 at
245 2909 314 2967 illud
335 2920 415 2967 certe
436 2909 527 2984 dabis,
541 2911 864 2990 qnod'honestumsit,

57 3007 86 3066 id
110 3025 174 3066 esse
194 3005 320 3066 maxime
339 3018 461 3089 propter
483 3031 517 3074 se
538 3011 757 3097 expetendum.
796 3006 890 3069 uiant
