1904 3750
330 275 374 322 us
392 276 593 338 sannorum.
866 262 907 322 37

67 430 145 481 terra
165 423 353 481 foecundiort
411 423 494 486 Quid
528 425 565 481 de
599 424 722 482 utilitate
755 425 857 500 loquar

67 520 268 577 stercorandi?
309 521 378 577 Dixi
399 521 429 578 in
449 538 485 577 eo
504 520 589 592 libro,
609 540 693 597 quem
714 521 750 577 de
770 522 857 579 rebus

66 615 183 672 rusticis
210 615 329 690 scripsi3
364 616 400 672 de
427 616 485 691 quai
512 616 616 674 doctus
643 617 791 674 Hesiodus
818 634 857 673 ne

67 711 185 768 verbum
207 711 322 786 quidem
344 712 422 783 fecit,
438 731 505 769 cum
526 712 562 769 de
577 713 690 770 culturis
711 713 772 789 agri
787 712 857 770 scri·

67 805 155 863 beret.
197 808 237 863 At
253 808 408 878 Homerus,
420 809 469 882 qui
479 808 577 864 multis
589 807 634 886 (ut
648 808 718 864 mihi
729 809 855 888 videtur)
873 812 890 861 5

67 911 133 958 aute
147 904 261 960 saeculis
275 903 337 973 fuit,
350 902 485 960 Laertem
501 903 656 959 lenientem
668 904 856 976 desiderium,

66 997 142 1072 quod
163 999 295 1074 capiebat
315 1017 331 1054 e
352 999 422 1070 filio,
444 999 587 1055 colentem
609 1018 719 1076 agrum,
740 1009 770 1056 et
789 1019 856 1058 eum

66 1104 282 1166 stercorantem,
298 1095 375 1152 sacit.
417 1093 483 1152 Nec
503 1113 571 1151 vero
592 1095 737 1171 segetibus
752 1096 855 1170 solum,

65 1200 94 1248 et
114 1191 212 1266 pratis,
227 1200 256 1248 et
271 1190 371 1261 vincis,
387 1200 416 1246 et
437 1190 569 1262 arbustis,
586 1210 631 1247 res
651 1191 767 1248 rusticae
781 1192 855 1249 laetae

65 1298 141 1358 sunt,
153 1287 203 1344 sed
218 1288 305 1344 etiam
319 1287 408 1343 hortis
422 1296 451 1343 et
465 1287 619 1362 pomariis;
635 1297 696 1344 tum
710 1287 855 1362 pecudum
872 1289 918 1350 1⁰⁴

63 1395 156 1460 pastu,
173 1384 269 1459 apium
290 1383 480 1453 examinibus,
496 1383 598 1440 florum
619 1385 748 1441 omnium
767 1384 857 1442 varie·

63 1491 130 1538 tate.
172 1480 239 1538 Nec
250 1480 427 1537 consitiones
442 1465 528 1536 modo
540 1480 695 1552 delectant,
707 1480 856 1539 sedetiam

64 1577 230 1646 insitiones;
252 1576 356 1650 quibus
377 1576 448 1633 nihil
470 1577 579 1634 invenit
601 1578 777 1654 agricultura
800 1577 856 1634 sol·

62 1673 172 1730 lertius

101 1864 185 1922 XVI.
227 1866 348 1923 Possum
368 1867 500 1942 persequi
528 1867 619 1924 multa
639 1868 854 1926 oblectamenta
869 1871 901 1921 15

61 1980 157 2019 rerum
179 1963 367 2020 rusticarum:
390 1963 438 2019 sed
460 1983 496 2020 ea
516 1964 587 2038 ipsa,
602 1983 665 2038 quae
679 1964 748 2036 dixi,
765 1965 854 2022 fuisse

62 2059 156 2117 sentio
189 2059 329 2134 longiora.
384 2059 547 2135 Ignoscetis
581 2069 694 2116 eutem:
728 2079 796 2117 num
824 2070 854 2118 et

61 2156 158 2213 studio
178 2175 274 2212 rerum
294 2156 466 2212 rusticarum
486 2166 642 2230 provectus
663 2175 737 2227 sum,
759 2165 788 2212 et
809 2176 853 2213 se·

61 2263 163 2308 nectus
177 2262 220 2308 est
233 2251 337 2308 naturai
351 2251 515 2326 loquacior3
537 2269 574 2307 ne
590 2252 624 2308 ab
639 2252 773 2308 omnibus
786 2270 851 2309 eam

60 2348 137 2405 vitiis
151 2348 248 2405 videar
259 2348 415 2405 vindicare.
456 2334 537 2424 'Ergo
551 2348 581 2404 in
596 2348 651 2404 bac
664 2347 724 2405 vitri
738 2346 779 2404 Μ’
793 2347 851 2406 Cu·
866 2357 899 2408 20

59 2445 129 2515 rius,
145 2463 211 2501 cum
232 2444 268 2499 de
283 2444 471 2514 Samnitibus
487 2444 523 2500 de
544 2443 671 2514 Sabinis,
687 2443 723 2500 de
737 2443 850 2519 Pyrrho

59 2541 274 2616 triumphdsset
290 2541 468 2615 consumpsit
483 2551 641 2597 extremum
657 2550 770 2615 tempus
784 2549 850 2597 aets-

60 2636 115 2692 tis:
131 2637 213 2712 cujus
226 2636 341 2711 quidem
352 2637 447 2693 villam
462 2655 517 2712 ego
532 2636 740 2711 contemplans,
754 2635 849 2713 (abest

59 2733 137 2789 enim
151 2751 210 2789 non
224 2733 310 2808 longe
326 2732 412 2810 ame)
426 2732 560 2789 admirari
574 2732 643 2788 satis
657 2750 717 2789 non
730 2750 848 2808 possum

59 2830 102 2886 vel
124 2830 249 2886 hominis
271 2829 360 2904 ipsius
381 2829 600 2899 continentiam,
621 2829 665 2886 vel
685 2839 846 2905 temporum
862 2839 895 2889 25

59 2926 250 3001 disciplinam.
292 2926 393 2996 Curio,
410 2926 444 2981 ad
460 2926 557 2983 focum
572 2927 694 2998 sedenti,
709 2934 856 3004 magnum'

60 3022 122 3078 auri
133 3022 247 3098 pondus
267 3022 415 3081 Samnites
430 3041 500 3081 cum
520 3017 876 3094 attxduseut,xcuudxaix

290 3121 309 3178 4
