1904 3750
95 256 132 317 12
383 268 473 316 caro
492 266 608 326 umora,
628 265 691 315 suu

135 415 223 474 etiam
244 416 274 474 in
295 417 407 474 summi
426 415 519 493 copiti,
539 435 599 474 non
619 415 723 493 gravis.
764 415 925 492 Aptissima

136 513 255 571 omnino
277 524 355 586 sunt,
377 514 477 590 Scipio
499 525 528 571 et
550 513 632 586 Laeli,
655 531 734 571 arma
754 512 923 585 senectutis,

136 619 211 667 artes
231 609 508 684 exercitationesque
528 610 677 680 virtutum,
707 627 770 684 que
791 608 822 666 in
843 608 923 667 omni

135 716 218 765 etate
239 707 334 780 cultae,
356 725 424 764 cum
444 707 566 765 multum
586 706 694 781 diuque
710 705 825 778 vixeris,
846 704 923 764 miri·

105 807 121 855 ὅ
135 803 206 860 ficos
217 803 340 860 efferunt
354 803 465 861 fructus
473 824 481 874 ς
503 822 562 860 non
584 803 677 860 solum
691 803 761 877 quia
773 820 922 878 nunquam

134 899 279 972 deserunt,
294 920 332 958 ne
352 900 382 958 in
403 910 532 958 extremo
546 899 663 974 quidem
676 909 806 975 tempore
820 899 920 970 artatis,

135 994 323 1072 (quamquam
338 997 367 1054 id
381 997 538 1054 maximum
554 998 623 1076 est,)
639 995 840 1054 verumetiam
854 995 921 1071 quia

134 1093 315 1151 conscientia
332 1095 406 1152 bene
428 1104 499 1151 actae
513 1093 588 1164 vitae,
603 1093 816 1168 multorumque
837 1094 921 1151 bena·

134 1189 276 1247 factorum
290 1190 463 1262 recordatio,
482 1189 693 1266 jucundissima
706 1199 758 1248 est.

89 1403 120 1451 10
173 1381 225 1440 IV.
267 1382 332 1459 Ego
345 1380 385 1443 Q.
402 1382 573 1453 Maximum,
589 1380 670 1458 (eum
685 1380 734 1455 qui
759 1380 921 1440 Tarentum

133 1479 268 1557 recepit,)
292 1479 460 1536 adolescens
482 1479 523 1536 ita
545 1477 632 1535 dilexi
646 1496 755 1549 senem,
776 1488 809 1535 nt
829 1497 922 1562 aequa·

133 1573 206 1631 lem:
236 1585 297 1632 erat
325 1574 403 1631 enim
430 1575 459 1632 in
488 1575 537 1631 illo
564 1574 626 1632 viro
646 1573 783 1646 comitate
803 1574 922 1632 condita

133 1671 275 1747 gravitas;
297 1690 352 1727 nec
367 1681 501 1728 senectus
519 1690 614 1728 mores
628 1681 787 1728 mutaverat
793 1690 800 1741 ;
823 1690 921 1746 quam·

133 1786 219 1841 quam
233 1785 300 1823 eum
321 1768 416 1824 colere
441 1769 515 1844 coepi
534 1787 593 1824 non
614 1768 768 1824 admodum
782 1769 920 1844 grandem

88 1869 117 1917 15
132 1874 212 1935 natu,
238 1863 289 1920 sed
312 1874 409 1921 tamen
434 1864 494 1940 jam
521 1874 605 1921 aetate
627 1873 813 1938 provectum3
844 1882 920 1922 anno

131 1960 208 2017 enim
235 1971 301 2036 post
334 1961 435 2017 consul
468 1961 593 2036 primum
620 1960 722 2031 fuerat,
752 1979 838 2035 quam
865 1980 920 2038 ego

132 2067 216 2114 natus
230 2077 310 2126 sum;
327 2077 450 2132 cumque
462 2078 505 2129 eo,
518 2067 650 2132 quartum
665 2057 795 2128 consule,
812 2058 920 2115 adoles·

132 2154 265 2210 centulus
280 2154 362 2211 miles
380 2155 526 2229 profectus
540 2172 603 2210 sum
625 2153 661 2209 ad
682 2152 823 2228 Capuam,
839 2155 920 2228 quin-

131 2261 219 2340 too'ue
242 2270 317 2308 anno
337 2261 402 2326 post
424 2251 458 2307 ad
473 2250 635 2306 Tarentum
649 2260 792 2323 quaestor;
814 2250 919 2307 deinde

86 2351 117 2399 20
132 2348 232 2418 aedilis,
271 2347 460 2422 quadriennio
488 2357 553 2421 post
582 2346 675 2403 factus
703 2365 766 2402 sum
797 2356 916 2420 praetor;

132 2462 217 2517 quem
242 2443 440 2519 magistratum
464 2444 551 2518 gessi,
576 2441 744 2499 consulibus
767 2441 918 2498 Tuditano

132 2550 161 2596 et
183 2539 324 2615 Cethego,
348 2558 415 2595 cum
433 2539 549 2613 quidem
574 2538 621 2596 ille
644 2538 799 2596 admodum
819 2556 917 2609 senex,

132 2655 231 2693 suasor
250 2636 323 2711 legis
337 2635 448 2692 Cinciae
463 2636 499 2691 de
518 2636 601 2692 donis
623 2645 652 2692 et
673 2635 840 2691 muneribus
855 2634 917 2692 fuit.

133 2732 192 2788 Hic
210 2742 240 2788 et
261 2732 337 2788 bella
357 2732 484 2807 gerebat,
503 2743 534 2788 ut
554 2731 731 2801 adolescens,
746 2748 812 2787 cum
833 2730 919 2805 plane

86 2843 118 2890 25
132 2828 249 2903 grandis
263 2838 354 2897 esset3
370 2838 398 2885 et
410 2827 605 2884 Hannibalem
615 2826 779 2903 juveniliter
791 2827 920 2884 exultan-

130 2933 188 2980 tem
210 2923 352 3000 patientis
372 2924 425 2981 sui
445 2923 609 2982 molliebat:
638 2923 754 2999 dequo
781 2923 919 3000 preclare

118 3019 281 3084 familiaris
302 3032 403 3084 noster
425 3020 561 3083 Enniusz
