1904 3750
71 600 110 662 18
413 610 456 656 ou
477 609 623 656 ommno.
836 605 865 665 [t

118 767 214 817 utatur
227 773 279 832 pro
301 758 513 829 communibus,
526 756 644 833 privatis
666 766 699 814 ut
719 755 786 815 suis.
829 755 866 814 Su

119 865 213 912 autem
227 854 338 929 privata
351 855 430 911 nulla
444 855 562 925 natunl;
585 855 634 911 sed
651 864 699 911 aut
713 853 803 910 veteri
817 872 866 911 ooc

117 950 244 1026 patioue,
260 950 352 1026 utqui
367 952 510 1025 quondam
525 952 554 1008 in
569 971 661 1008 vaoua
675 961 833 1019 venerunt3
856 969 867 1006 a

118 1047 247 1118 victorii,
263 1057 293 1105 ut
314 1048 363 1123 qui
386 1048 462 1104 bello
481 1049 565 1124 potiti
580 1060 664 1118 sunt3
688 1057 735 1104 aut
749 1047 824 1123 lege,
838 1065 868 1122 pa

84 1161 102 1210 5
117 1144 205 1215 tione,
213 1145 389 1217 conditione,
397 1156 488 1203 sorte:
503 1164 603 1220 exquo
611 1146 652 1216 fit,
660 1156 691 1202 ut
702 1164 768 1221 ager
777 1144 869 1219 Arpin

117 1241 291 1316 Arpinatnm
312 1242 434 1314 dicatur,
449 1242 635 1300 Tusculanus
648 1241 869 1299 Tusculanorun

117 1338 276 1414 similisque
292 1350 336 1396 est
352 1341 526 1416 privatarum
546 1339 759 1415 possessionum
778 1338 870 1395 deseri

117 1434 177 1492 tio:
196 1454 233 1493 ex
246 1456 312 1511 quo,
323 1437 392 1512 quia
401 1455 484 1494 suum
497 1436 635 1512 cujusque
646 1436 695 1506 lit3
717 1454 827 1506 eorum,
839 1455 871 1510 qu

117 1533 221 1590 naturis
235 1535 349 1590 fuerant
362 1534 534 1604 communia,
546 1533 622 1608 quod
636 1533 741 1608 ouique
751 1533 862 1608 obtigit,

72 1645 102 1694 10
117 1631 237 1705 quisque
251 1641 366 1688 teneat:
388 1649 405 1687 e
425 1650 481 1705 quo
503 1631 609 1705 siquis
629 1630 685 1687 sibi
707 1639 829 1706 appetet,
846 1629 873 1685 vi

117 1728 187 1785 labit
198 1728 244 1803 jus
259 1729 390 1785 humanae
405 1727 559 1784 societatis.

157 1825 226 1895 Sed,
241 1824 376 1900 quoniam
392 1800 437 1901 (ul
450 1824 586 1899 praeolare
600 1825 737 1900 scriptum
752 1832 795 1879 est
809 1842 825 1879 a
841 1822 874 1879 Pl

117 1922 199 1999 tone)
215 1940 271 1978 non
287 1921 370 1978 nobis
385 1922 451 1978 solis
465 1922 524 1978 uati
539 1941 646 1989 sumus,
662 1922 797 1995 ortisque
816 1930 875 1977 nost

117 2026 225 2093 partem
249 2017 343 2093 patria
356 2018 493 2088 vindicat,
510 2029 619 2094 partem
636 2019 739 2087 amici3
763 2027 856 2090 atque,
872 2036 876 2069 ι

72 2117 102 2166 15
117 2115 212 2190 placet
224 2115 341 2186 Stoicis,
354 2135 416 2190 quae
432 2117 460 2173 iu
482 2116 564 2173 terris
585 2115 752 2192 gignuntur,
769 2115 804 2170 ad
821 2133 877 2170 usu

118 2210 266 2267 hominum
280 2212 377 2269 omnia
391 2214 492 2285 creari,
504 2214 634 2270 homines
647 2224 740 2270 autem
754 2211 878 2267 hominu]

118 2307 207 2363 causi
228 2325 291 2363 esse
315 2320 479 2384 generatos
496 2320 526 2366 ut
547 2310 600 2384 ipsi
622 2310 695 2367 inter
717 2327 756 2376 se,
774 2308 835 2364 aliis
857 2307 879 2365 al

117 2403 254 2478 prodesse
274 2416 407 2479 possent;
430 2406 459 2463 in
481 2406 537 2463 hoo
556 2417 688 2463 naturam
702 2405 841 2461 debemus
855 2405 880 2461 dt

120 2518 183 2557 cem
198 2501 288 2575 sequi,
304 2520 470 2559 communes
486 2503 625 2559 utilitates
640 2504 668 2559 in
684 2503 808 2559 medium
826 2503 879 2558 affe

71 2599 103 2648 20
119 2615 160 2667 re,
176 2597 333 2655 mutatione
346 2599 514 2668 officiorum,
529 2600 633 2670 dando,
649 2599 829 2673 accipiendo,
844 2610 882 2655 tm

120 2693 239 2764 artibus,
263 2705 324 2751 tum
346 2697 443 2770 operi,
458 2705 518 2752 tum
540 2695 732 2762 facultatibus,
758 2694 883 2751 devinoil

120 2789 269 2848 hominum
285 2790 358 2848 inter
373 2792 503 2849 homines
517 2793 692 2850 societatem.

160 2887 392 2947 Fundamentum
407 2898 450 2946 est
464 2900 558 2946 autem
569 2889 685 2965 justitiae
699 2888 771 2945 fides
779 2909 786 2958 ;
808 2888 837 2944 id
853 2906 885 2945 es

121 2981 264 3041 dictorum
286 2996 546 3060 conventorumque
567 2984 730 3043 constantia
750 2995 779 3042 et
792 2984 886 3042 verita¹

73 3081 106 3131 25
122 3076 168 3135 Ex
181 3100 246 3154 quo,
259 3101 422 3157 quanquam
434 3083 488 3140 hoo
499 3082 640 3140 videbitur
652 3082 770 3139 fortasse
781 3082 887 3157 cuipiat

122 3172 231 3247 durius,
241 3187 336 3235 tamen
346 3178 500 3236 audeamus
510 3179 615 3236 imitari
626 3181 752 3250 Stoicos,
760 3180 809 3254 qui
821 3181 885 3237 stud

122 3289 172 3331 ose
186 3273 347 3347 exquirunt,
363 3277 439 3333 unde
453 3277 539 3333 verba
552 3276 610 3334 sint
632 3276 729 3348 ducta,
746 3277 889 3335 credamut

111 3383 179 3439 que,
193 3369 343 3446 quiafiat,
354 3374 431 3450 quod
444 3373 557 3438 dietum
569 3385 625 3447 ost,
634 3373 805 3453 appellatam
812 3373 890 3452 Jldea
