1904 3750
73 639 117 701 tu
389 642 433 699 nc
452 602 598 695 ornus.
839 641 908 707 [aa

122 796 156 857 L.
171 795 297 869 Luculli,
311 796 417 855 summi
436 795 500 867 viri,
514 795 648 853 virtutem
669 790 752 868 quial
773 802 802 851 at
821 810 908 868 qnam

121 894 203 953 multi
235 893 366 952 villarum
402 892 646 970 magnificentiam
684 890 787 949 imitati
824 891 906 948 suntl

119 1009 240 1066 quarum
266 990 381 1065 quidem
410 999 488 1048 certe
514 999 558 1046 est
585 987 765 1045 adhibendus
796 986 908 1057 modus,

121 1082 157 1143 ad
183 1086 468 1165 mediocritatemque
500 1084 685 1143 revocandus.
740 1083 908 1158 Eademque

89 1182 304 1240 rnediocritas
340 1181 376 1241 ad
410 1199 493 1240 usum
527 1180 694 1255 cultumque
719 1179 784 1237 vitre
817 1190 910 1237 trans·

120 1276 239 1337 ferenda
250 1289 302 1336 est.
343 1279 402 1336 Sed
416 1278 479 1336 heo
493 1277 641 1335 hactenus.

158 1373 195 1433 ln
205 1374 284 1432 omni
296 1385 392 1435 autem
400 1374 515 1432 actione
523 1372 718 1449 suscipienda,
727 1372 783 1430 tria
790 1383 857 1429 sunt
867 1382 908 1429 te·

119 1470 232 1542 nenda3
249 1471 384 1547 primurn,
394 1481 426 1529 ut
439 1470 582 1547 appetitus
595 1469 700 1528 rationi
713 1479 828 1547 pareat3
850 1487 908 1543 quo

119 1567 192 1627 nihil
209 1578 253 1626 est
265 1568 302 1626 ad
316 1567 413 1625 officia
426 1567 623 1624 conservanda
644 1566 906 1624 accommodatius:

74 1668 107 1722 lo
120 1657 236 1736 deinde,
257 1675 290 1722 ut
312 1662 562 1734 animadvertatur,
586 1672 694 1737 quanta
713 1662 763 1719 illa
789 1681 835 1719 res
858 1661 906 1733 sit,

120 1779 206 1836 quam
232 1761 347 1818 efficere
374 1759 510 1828 velimus3
544 1769 576 1816 ut
608 1777 681 1816 neve
708 1759 798 1834 major
834 1776 907 1815 nere

119 1857 214 1914 minor
241 1875 313 1915 cura
338 1866 367 1913 et
388 1873 477 1931 opera
502 1854 685 1930 suscipiatur,
706 1874 791 1929 quarn
819 1874 908 1912 causa

119 1953 261 2028 postulet:
295 1952 411 2010 tertium
438 1961 491 2022 est,
521 1949 567 2026 [nt
598 1952 774 2031 caveamus‚]
802 1961 835 2008 ut
861 1970 906 2023 ea,

120 2067 183 2124 quae
203 2047 347 2124 pertinent
367 2049 402 2105 ad
423 2047 571 2105 liberalem
591 2047 717 2122 speeiem
737 2057 766 2104 et
784 2048 907 2124 dignita·

74 2158 106 2208 15
120 2155 190 2216 tem,
203 2144 351 2203 moderata
370 2144 436 2202 sint.
478 2142 584 2201 Modus
605 2154 700 2200 autem
714 2154 757 2201 est
771 2145 907 2219 optimus,

120 2241 210 2299 decus
230 2241 323 2316 ipsum
343 2251 451 2312 tencre,
472 2242 586 2314 dequo
607 2250 673 2297 ante
697 2239 829 2311 diximus,
851 2259 907 2298 uec

118 2336 254 2413 progredi
281 2336 404 2414 longius.
459 2335 572 2395 Horum
599 2345 695 2393 tamen
722 2336 808 2392 trium
836 2356 908 2413 pre·

120 2431 326 2491 stantissimum
346 2443 399 2505 est,
413 2432 570 2509 appetitum
583 2433 779 2507 obtemperare
794 2433 906 2491 rationi.

159 2623 223 2682 XL.
245 2623 392 2700 Deinceps
414 2626 450 2681 de
464 2625 564 2682 ordine
579 2642 683 2695 rerum,
698 2634 727 2680 et
745 2634 906 2701 temporum

72 2730 106 2783 ω
121 2721 343 2797 opportunitate,
358 2720 513 2779 dicendum
530 2731 581 2778 est.
624 2719 689 2777 Hac
705 2730 799 2778 autem
814 2722 907 2778 scieu-

121 2817 162 2874 tis
183 2818 347 2875 continetur
368 2837 412 2888 ea,
436 2837 520 2892 quam
542 2816 637 2874 Graeei
658 2818 796 2878 Εὐταξίαν
815 2817 906 2874 nomi·

120 2923 200 2985 nant,
215 2931 274 2970 uon
294 2913 367 2985 hec,
384 2932 468 2988 quam
490 2913 708 2988 interpretamur
727 2913 905 2979 modestinus

121 3026 179 3082 quo
193 3009 222 3065 in
237 3009 324 3066 verbo
344 3008 445 3067 modus
465 3009 556 3066 inest:
579 3009 630 3065 sed
651 3009 699 3067 illa
719 3019 763 3066 est
784 3012 906 3082 εὐταξία,

121 3101 151 3160 in
169 3104 227 3178 qud
247 3104 415 3182 intelligitur
435 3104 544 3162 ordinis
565 3107 753 3164 conservatio.
795 3106 907 3183 Itaque,

73 3200 105 3254 tto
121 3208 154 3255 ut
195 3200 317 3257 eandem
350 3217 404 3256 nos
437 3199 609 3256 modestiam
644 3201 828 3276 appellemus,
863 3201 907 3258 sio

116 3293 254 3353 definitur
287 3312 305 3353 c
333 3295 451 3366 Stoicis,
478 3305 510 3352 ut
542 3296 683 3354 modestia
715 3297 752 3354 sit
786 3298 906 3357 scientia

100 3400 208 3448 mum
235 3409 348 3468 rerum,
370 3412 438 3472 quac
462 3402 583 3473 agamur
607 3402 660 3453 aut
679 3393 824 3467 dicentur,
841 3394 906 3455 locu
