1904 3750
62 235 128 299 μ]
360 227 405 274 nr.
423 227 569 276 omrem
861 220 902 283 aa

96 374 217 434 XVHI.
240 376 311 448 Sed,
320 377 352 434 in
364 376 411 434 his
421 377 556 434 omuibus
569 376 673 435 officiis
682 377 854 452 tribuendis,

61 472 219 530 ridendum
233 472 298 543 erit,
313 473 384 548 quid
405 473 510 548 cuique
528 474 652 531 maxime
670 494 789 533 necesse
807 478 854 547 sit,

60 569 171 644 etquid
187 569 321 643 quisque,
337 570 382 626 vel
397 569 460 627 sine
473 570 567 642 nobis,
583 580 632 627 aut
651 572 740 646 possit
754 590 855 630 conse·

60 666 118 739 qui,
134 675 187 722 aut
201 684 262 722 nou
276 666 377 740 possit.
419 665 465 724 Ita
482 686 541 724 nou
555 667 642 724 iidem
658 679 742 726 erunt
755 688 855 726 neces·

60 762 223 819 situdinum
237 762 356 838 gradus,
368 763 417 837 qui
428 773 597 839 temporum.
639 765 714 822 Sunt
722 765 853 840 quaedam
868 780 885 829 5

59 858 166 928 officia,
181 875 247 931 quae
264 858 327 914 aliis
342 858 435 934 magis
449 877 534 933 quam
550 859 612 916 aliis
625 860 801 917 debeantur:
822 870 855 921 ut

59 953 187 1010 vicinum
203 953 292 1010 citius
306 953 448 1029 adjuveris
457 954 487 1012 in
499 954 639 1012 fructibus
648 956 853 1032 percipiendis,

59 1069 143 1124 quam
167 1059 219 1106 aut
243 1049 361 1107 fratrem
386 1060 436 1106 aut
458 1050 644 1122 familiarem:
667 1063 704 1123 at,
719 1053 744 1108 si
766 1053 801 1109 lis
824 1053 854 1111 in

57 1146 166 1221 judicio
180 1146 230 1217 sit,
246 1145 441 1222 propinquum
459 1147 555 1222 potius
574 1155 603 1204 et
618 1147 752 1217 amicum,
768 1165 855 1220 quam

61 1243 201 1314 ricinum,
224 1242 400 1300 defenderis.
442 1241 516 1301 Haec
544 1243 632 1320 igitur
656 1252 686 1298 et
708 1241 778 1299 talia
801 1241 901 1311 cir-10

61 1338 280 1415 cumspicienda
290 1339 400 1395 suntin
411 1339 489 1396 omni
500 1340 595 1399 officio
605 1360 612 1409 ;
634 1348 664 1396 et
673 1338 855 1404 consuetudo

60 1435 287 1509 exercitatioque
310 1434 463 1508 capienda,
486 1446 518 1493 ut
544 1436 613 1493 boni
635 1434 854 1493 ratiocinatores

61 1531 223 1588 officiorum
247 1549 312 1588 esse
336 1530 488 1606 possimus,
505 1541 544 1603 et,
560 1531 692 1588 addendo
709 1532 856 1591 deducen-¹

61 1627 163 1702 doque,
180 1627 291 1698 videre,
305 1646 371 1701 quae
393 1627 496 1701 reliqui
518 1647 629 1685 summa
646 1629 714 1686 fiat:
736 1648 772 1687 ex
785 1647 854 1707 quo,

61 1734 198 1798 quantum
214 1723 323 1798 cuique
337 1722 486 1794 debeatur,
502 1723 655 1800 intelligas.
869 1742 902 1794 15

98 1820 168 1892 Sed,
184 1829 217 1876 ut
231 1839 288 1877 nec
303 1819 411 1877 medici
424 1839 479 1877 nec
491 1820 677 1896 imperatores
690 1840 746 1879 nec
761 1831 854 1883 oratu-¹

63 1934 113 1988 res,
122 1916 257 1992 quamvis
268 1915 337 1972 artis
348 1926 491 1991 precepta
498 1917 688 1992 perceperint,
699 1919 855 1994 quidquam

63 2014 167 2090 magnii
189 2012 279 2069 laude
303 2011 423 2088 dignum
441 2012 503 2069 sine
526 2033 579 2075 usu
600 2023 628 2070 et
647 2016 854 2073 exercitatione

63 2110 201 2185 consequi
225 2117 363 2183 possuut;
393 2108 435 2166 sic
461 2110 548 2167 officii
571 2111 761 2167 conservandi
784 2129 856 2186 prae-

64 2216 145 2282 cepta
158 2205 320 2264 traduntur
336 2204 385 2261 illa
398 2205 523 2278 quidem,
536 2217 567 2263 ut
577 2206 699 2263 facimus
710 2205 783 2282 ipsi:
803 2205 853 2263 sed
868 2210 901 2269 20

63 2303 101 2360 rei
122 2301 300 2380 magnitudo
324 2319 406 2358 usum
428 2321 541 2378 quoque
562 2301 854 2376 exercitationemque

64 2399 216 2458 desiderat.
261 2398 369 2474 Atque,
382 2399 417 2457 ab
431 2400 466 2457 iis
480 2401 566 2458 rebus
579 2416 643 2475 quae
663 2408 730 2457 sunt
745 2399 775 2456 in
791 2397 855 2474 jure

64 2496 212 2554 societatis
234 2495 380 2568 humanae,
400 2496 641 2570 quemadmodum
665 2496 786 2554 ducatur
807 2494 856 2554 ho·

63 2605 187 2665 nestum,
212 2609 333 2666 exque
356 2602 452 2668 nptum
474 2603 517 2652 est
538 2593 675 2666 officium,
698 2591 768 2658 satis
794 2591 855 2649 fere

66 2688 197 2747 diximus.
868 2697 901 2753 tu

100 2783 332 2862 Intelligendum
353 2795 396 2842 est
417 2796 523 2858 autem,
544 2804 611 2845 cum
630 2785 778 2862 proposita
796 2784 855 2845 sint

65 2901 171 2959 genera
192 2891 327 2957 quatuor,
348 2901 365 2939 e
385 2882 489 2956 quibus
513 2882 651 2941 honestas
671 2883 855 2960 officiumque

66 2989 207 3051 minuet,
234 2977 500 3135 spendidissimum
526 2979 632 3060 videri,
658 2979 741 3063 quod
764 2981 870 3050 ammo
