1904 3750
232 277 370 337 amarus,
388 277 462 324 srva
481 278 525 324 na
545 277 702 325 amoram.
865 267 906 328 85

65 424 147 498 fluat,
163 437 212 484 aut
232 446 269 484 ne
289 428 354 504 plus
375 446 456 504 aquo
476 428 546 504 qnid
566 428 597 486 in
619 427 775 485 amicitiam
792 445 861 485 con·

66 532 191 599 geratur.

107 618 227 677 Tertius
247 638 315 677 vero
338 621 387 678 ille
408 621 474 678 finis
495 621 676 694 deterrimus,
696 630 736 693 ut,
758 620 858 694 quanti

67 715 187 790 quisque
201 735 232 773 se
247 717 308 793 ipse
323 717 419 790 faciat,
431 719 504 775 tanti
518 719 568 776 fiat
582 720 618 776 ab
630 719 738 791 amicis.
774 719 858 793 Saepe

66 812 143 869 enirn
158 812 189 869 in
203 813 373 887 quibusdam
390 825 439 871 aut
454 815 565 872 animus
586 814 724 891 abjectior
741 824 793 886 est,
809 823 858 872 aut
872 818 889 867 5

66 927 130 984 spes
142 909 350 985 amplificandae
362 911 483 967 fortunae
495 911 621 969 fractior.
664 911 693 968 N
696 931 734 968 on
748 921 792 968 est
806 911 858 988 igi·

64 1013 111 1061 tur
133 1005 230 1076 amici,
245 1006 332 1062 talem
354 1025 417 1064 esse
442 1007 471 1064 in
496 1027 572 1078 eum,
593 1007 686 1081 qualis
707 1007 755 1065 ille
776 1007 806 1064 in
826 1026 858 1064 se
882 1078 885 1082 Ι

64 1110 126 1171 est;
149 1103 200 1158 sed
214 1104 309 1177 potius
323 1104 404 1175 eniti,
420 1115 449 1161 et
464 1105 589 1176 efficere,
604 1113 636 1160 ut
657 1104 743 1160 amici
760 1104 858 1178 jacen·

63 1207 123 1254 tem
139 1199 265 1255 animum
280 1200 396 1272 excitet,
419 1199 594 1274 inducatque
608 1218 687 1274 spem
709 1198 858 1275 cogitatio·

63 1311 188 1368 nemque
202 1295 359 1352 meliorem.
872 1298 903 1348 10

102 1390 188 1447 Alius
210 1391 296 1468 igitur
318 1392 383 1449 finis
397 1411 470 1449 verae
490 1391 624 1449 amicitia
639 1391 858 1449 constituendus
924 1372 926 1377 Ι

62 1497 116 1558 est,
137 1487 161 1543 si
182 1488 271 1561 prius,
293 1489 363 1561 quid
384 1489 507 1545 maxime
527 1489 736 1563 reprehendere
757 1487 857 1563 Scipio

61 1583 164 1640 solitus
175 1583 222 1654 sit,
232 1584 356 1641 edixero.
398 1584 533 1662 Negabat
547 1585 635 1642 ullam
649 1603 749 1640 vocem
765 1583 857 1640 inimi·

63 1678 171 1736 ciorem
186 1680 319 1737 amicitiae
334 1681 461 1755 potuisse
475 1681 605 1756 reperiri,
621 1700 707 1755 quam
719 1680 792 1756 ejus,
808 1679 856 1755 qui

62 1773 192 1846 dixisset,
208 1775 248 1832 ita
263 1795 359 1832 amare
373 1788 513 1852 oportere,
529 1787 560 1834 ut
574 1778 598 1833 si
613 1777 767 1852 aliquando
781 1787 856 1834 esset
871 1784 902 1832 15

62 1888 185 1927 osurus:
207 1890 262 1928 nec
276 1891 344 1928 vero
359 1892 389 1929 se
406 1873 508 1930 adduci
523 1892 616 1948 posse,
629 1884 660 1929 ut
674 1874 731 1930 hoc
744 1872 855 1949 (quem-

64 1966 219 2022 admodum
240 1969 401 2045 putaretur)
425 1988 441 2025 a
461 1969 565 2025 Biante
586 1986 649 2024 esse
670 1968 780 2025 dictum
795 1958 870 2025 cre-²

62 2061 153 2133 deret,
169 2061 218 2137 qui
239 2064 353 2138 sapiens
374 2065 489 2121 habitus
510 2073 585 2120 esset
604 2083 679 2119 unus
695 2081 711 2120 e
728 2073 836 2137 septem
846 2083 853 2132 ;

61 2159 114 2214 sed
135 2159 239 2233 impuri
261 2160 421 2235 cujusdam,
444 2170 492 2216 aut
514 2159 668 2230 ambitiosi,
689 2169 737 2215 aut
758 2158 856 2215 omnia

63 2255 99 2311 ad
121 2273 200 2310 suam
221 2256 381 2329 potentiam
402 2254 574 2324 revocantis,
590 2272 653 2310 esse
674 2253 853 2310 sententiam.
868 2269 900 2318 20

59 2351 200 2412 Quonam
215 2352 292 2407 enim
308 2353 394 2408 modo
409 2352 559 2425 quisquam
575 2351 685 2407 amicus
700 2369 763 2406 esse
776 2359 855 2424 pote·

61 2447 109 2518 rit,
124 2448 173 2522 qui
188 2466 218 2504 se
232 2449 344 2523 putabit
359 2449 508 2505 inimicum
523 2466 586 2503 esse
602 2448 709 2521 posset
742 2445 855 2506 Quine-

61 2544 131 2600 tiam
160 2563 279 2601 necesse
303 2546 357 2600 erit
378 2562 484 2618 cupere
511 2554 539 2600 et
567 2552 676 2618 optare,
704 2552 736 2599 ut
769 2560 854 2615 quam

61 2639 218 2714 saepissime
244 2650 347 2715 peccet
376 2641 494 2710 amicus,
520 2657 577 2713 quo
603 2639 699 2714 plures
724 2639 772 2693 det
799 2636 853 2693 sibi

61 2744 197 2808 tanquam
213 2755 296 2792 ansas
312 2736 347 2792 ad
361 2734 649 2809 reprehendendum:
671 2751 784 2790 rursum
806 2752 853 2790 au·
867 2749 899 2799 25

61 2840 120 2887 tcm
133 2842 212 2887 recte
227 2831 311 2887 factis
326 2830 540 2904 commodisque
556 2830 714 2888 amicorum
734 2847 853 2886 necesse

62 2927 117 2983 erit
133 2927 210 3003 angi,
226 2927 334 2997 dolere,
350 2926 486 2982 invidere.

100 3022 202 3084 Quare
221 3023 277 3082 hoc
299 3023 416 3100 quidem
436 3034 622 3102 preceptum
640 3022 885 3100 tediosam&
