1904 3750
84 187 143 249 rat
416 192 457 238 nn
480 190 624 236 onnrcns.
790 190 793 196 ·
818 181 912 247 mm.

125 342 184 401 lum
198 341 253 399 erit
266 351 428 410 certamem
450 341 510 410 sed,
525 338 605 414 quasi
625 347 700 396 sorte
715 345 763 393 aut
777 335 912 392 micando

125 438 227 508 victus,
243 436 324 495 alteri
345 437 429 493 cedat
449 436 527 493 alter.
569 434 672 496 Quidl
699 432 723 490 si
744 443 824 508 pater
846 432 913 489 fana

124 533 239 609 expilat,
254 531 406 589 cuniculos
421 540 486 608 agat
501 532 534 588 ad
551 530 698 599 aerarium3
720 529 866 585 indicetne
882 527 912 584 id

124 628 339 707 magistratibus
371 627 466 684 filiusl
525 626 616 683 Nesas
645 626 673 682 id
701 625 818 700 quidem
852 634 912 681 est:

94 725 281 803 aquinatiam
302 722 437 780 defendat
456 733 576 797 patrem,
597 721 622 778 si
644 731 788 797 arguatur.
843 719 937 777 Non·

126 820 213 900 igitur
232 820 326 897 patria
344 829 460 896 praestat
482 817 615 876 omnibus
642 817 765 875 officiisl
819 816 913 873 Immo

125 935 208 975 vero:
230 917 280 974 sed
295 916 349 991 ipsi
362 916 461 991 patriae
476 915 624 985 conducit,
638 914 701 990 pios
715 915 792 971 cives
806 913 912 970 habere

126 1012 157 1070 in
175 1023 317 1089 parentas.
358 1011 460 1073 Quidt
482 1011 505 1068 si
522 1011 701 1086 tyrannidem
720 1028 873 1085 occupare,
888 1009 912 1066 si

125 1109 247 1185 patriam
256 1107 387 1183 prodere,
399 1107 548 1164 conabitur
559 1117 654 1182 pater;
676 1106 809 1162 silebitne
820 1105 912 1162 filiusl

84 1208 115 1259 10
127 1203 221 1261 Immo
241 1223 308 1260 vero
328 1202 491 1259 obsecrabit
512 1212 631 1276 patrem,
646 1221 683 1258 ne
700 1201 728 1257 id
743 1202 837 1260 faciat.
880 1202 913 1257 Si

126 1301 198 1358 nihil
218 1299 358 1375 proficiet,
381 1298 544 1354 accusabit:
572 1297 725 1354 minabitur
745 1298 848 1355 etiam:
877 1298 912 1354 ad

127 1406 295 1465 extremum,
311 1394 335 1450 si
350 1394 385 1450 ad
404 1393 563 1469 perniciem
584 1393 683 1468 patriae
698 1413 743 1450 res
763 1394 912 1470 spectabit,

127 1490 226 1566 patrita
239 1490 359 1546 salutern
375 1500 527 1564 anteponet
541 1489 625 1546 saluti
640 1490 735 1564 patris

88 1575 94 1588 ’
166 1584 282 1646 Quaerit
302 1584 399 1655 etiam,
415 1585 438 1641 si
457 1585 571 1659 sapiens
591 1585 764 1642 adulterinos
782 1605 914 1643 nummos

84 1685 116 1740 15
129 1681 273 1758 acceperit
288 1680 452 1755 imprudens
466 1700 517 1755 pro
528 1682 610 1737 bonis
619 1701 626 1750 3
649 1700 714 1737 curn
730 1681 758 1738 id
774 1682 913 1751 rescierit,

127 1776 311 1834 soluturusne
339 1775 374 1831 sit
402 1795 461 1846 eoS,
483 1777 507 1832 si
535 1777 582 1833 cni
611 1777 723 1847 debeat,
743 1795 795 1852 pro
821 1777 912 1834 bonis.

128 1869 276 1948 Diogenes
298 1871 352 1928 ait:
381 1872 532 1948 Antipater
556 1886 659 1950 negat;
688 1874 735 1930 cui
756 1875 852 1948 potins
874 1894 915 1930 as·

128 1969 245 2027 sentior.
276 1968 348 2030 =Qui
369 1970 465 2026 vinum
487 1970 600 2047 fugiens
621 1971 724 2027 vendat
745 1971 851 2042 sciens,
869 1972 916 2027 de·

130 2065 233 2122 beatne
254 2065 372 2121 diceret
414 2065 482 2122 Non
503 2085 621 2149 necesse
643 2077 723 2140 putat
751 2067 914 2142 Diogenes:

84 2171 118 2221 20
131 2161 283 2236 Antipater
297 2160 349 2218 viri
371 2162 440 2219 boni
461 2163 611 2219 existimat.
654 2162 726 2219 Haee
748 2174 814 2218 sunt
835 2163 916 2237 quasi

131 2267 314 2314 controversa
331 2258 396 2332 jura
417 2259 590 2314 Stoicorum.
632 2256 665 2313 In
687 2259 832 2332 mancipio
851 2278 918 2314 ven·

132 2353 237 2424 dendo,
253 2354 412 2411 dicendane
427 2356 504 2427 vitia,
520 2374 577 2411 non
595 2375 639 2426 ea,
655 2375 716 2429 qum
731 2356 785 2410 nisi
801 2357 917 2428 dixeris,

132 2451 316 2508 redhibeatur
343 2453 518 2528 mancipium
545 2453 609 2528 jure
638 2452 731 2521 civili3
767 2453 817 2508 sed
845 2455 918 2525 haec,

132 2549 300 2606 mendacem
321 2568 394 2617 esse,
417 2551 581 2622 aleatorem,
604 2551 741 2621 furacem,
762 2551 918 2611 ebriosum.

84 2646 227 2706 ‹tlelteri
255 2647 378 2704 dicenda
404 2649 546 2719 ridentur,
575 2649 655 2705 alteri
689 2668 747 2705 non
775 2649 918 2708 videntur.

83 2784 86 2795 ·
131 2745 166 2802 Si
193 2746 267 2821 quis,
288 2764 387 2803 aurum
415 2747 551 2817 vendens,
576 2746 753 2803 orichalcum
781 2766 811 2803 se
837 2760 921 2822 putet

128 2844 265 2913 vendere,
294 2844 440 2901 indicetne
468 2845 494 2901 ei
524 2845 565 2901 vir
592 2844 692 2914 bonus,
721 2863 830 2901 aurum·
850 2845 920 2903 illud

109 2949 192 3012 ease,
211 2961 252 3002 an
267 2955 350 3005 emat
370 2943 504 3019 denario,
518 2943 596 3023 quod
607 2942 734 3001 a'rtrnille
749 2944 920 3002 denaridmt

94 3220 276 3260 A
