1904 3750
82 252 139 312 104
282 261 419 320 nmmos,
438 259 513 309 s1vn
533 261 577 309 nc
599 258 757 310 amcnm

124 409 256 468 Callidus
278 409 326 467 ille
343 419 372 467 et
385 410 519 468 occultus
532 429 570 468 ne
591 427 623 468 se
638 409 775 482 insinuet,
789 408 920 469 studiose

124 506 285 566 cavendum
309 517 372 564 cst:
394 525 450 564 nec
474 507 552 564 enim
578 506 717 565 facillime
741 506 919 585 agnoscitur,

123 603 228 682 quippe
242 603 291 678 qui
305 604 392 661 etiam
408 603 585 661 adversando
596 622 672 680 sepe
687 613 862 674 assentetur;
877 612 918 677 et,

123 700 237 777 litigare
250 719 282 758 se
302 699 452 773 simulans,
467 700 641 772 blandiatur,
658 710 742 775 atque
768 700 803 758 ad
827 710 919 759 extre·

93 803 110 852 5
124 815 202 853 mum
217 797 266 855 det
288 816 399 869 manus,
414 797 550 872 vincique
564 815 595 854 se
608 797 734 873 patiatur
742 816 750 867 ;
772 806 805 854 ut
819 797 853 870 ia,
869 797 918 873 qni

124 892 224 951 illusus
247 893 294 966 sit,
317 894 381 970 plus
404 893 510 952 vidisse
532 892 671 952 videatur.
711 893 796 956 Quid
822 904 918 952 eutem

123 989 245 1066 turpius,
265 991 475 1066 quam-illudit
513 990 606 1052 Quod
626 1008 664 1047 ne
686 990 810 1062 accidat,
825 990 919 1069 magia

124 1087 285 1145 cavendum
300 1097 353 1160 est,
367 1098 398 1146 ut
413 1087 442 1146 in
464 1093 482 1121 “
495 1087 632 1166 Epiclero
643 1107 649 1144 :
662 1089 679 1116 ''

186 1257 202 1284 “
215 1253 297 1302 Hodie
308 1269 358 1315 me,
369 1260 426 1302 ante
438 1269 525 1303 omnes
536 1253 645 1302 comicos
655 1253 745 1302 stultos
755 1267 838 1316 senes,

79 1323 110 1373 10
215 1334 413 1397 venerintque
424 1335 513 1384 luseris
524 1333 688 1383 lautissimos

124 1469 199 1528 Haec
220 1470 297 1528 enim
319 1470 406 1528 etiam
432 1469 461 1527 in
476 1469 580 1527 sabulis
603 1469 772 1528 stultissima
792 1488 918 1546 persona

123 1575 168 1623 est
191 1565 412 1641 improvidorum
436 1575 466 1622 et
489 1565 672 1623 credulorum
695 1585 804 1626 senum.
847 1568 916 1639 Sed,

123 1661 223 1718 nescio
237 1680 295 1735 quo
308 1671 404 1736 pacto,
417 1662 453 1719 ab
468 1661 603 1718 amicitiis
616 1663 812 1737 perfectorum
826 1663 918 1722 homi·

122 1776 202 1829 num,
218 1757 246 1815 id
267 1767 319 1829 est,
339 1758 522 1833 sapientium,
538 1756 588 1834 (de
607 1760 662 1816 hac
685 1759 751 1818 dico
774 1760 917 1835 sapientie

42 1903 45 1910 .
77 1871 108 1922 15
123 1873 187 1929 quae
200 1854 312 1911 videtur
328 1854 357 1912 in
373 1855 519 1912 hominem
544 1855 649 1912 cadere
666 1858 764 1935 posse)
781 1856 817 1912 ad
838 1856 917 1914 leves

124 1951 266 2009 amicitias
284 1951 400 2009 deflexit
420 1951 520 2009 oratic.
569 1951 779 2024 Quamobrem,
808 1953 844 2010 ad
869 1953 918 2012 illa

122 2049 215 2124 prima
238 2049 398 2121 redeamus,
420 2067 511 2125 eaque
538 2049 600 2124 ipsa
631 2050 839 2108 concludamus
868 2050 917 2108 ali·

122 2146 247 2222 quando.

162 2337 292 2395 XXVII.
334 2339 444 2412 Virtus,
468 2339 565 2410 virtus,
594 2337 721 2414 inquam,
749 2338 783 2396 C.
808 2338 915 2412 Fauni,

75 2446 107 2496 20
121 2442 150 2489 et
171 2443 212 2504 tu,
230 2433 270 2496 Q.
295 2433 387 2506 Muci,
409 2445 439 2492 et
460 2434 597 2492 conciliat
622 2433 773 2506 amicitias,
796 2445 825 2492 et
847 2454 917 2493 con·

121 2540 222 2587 servat.
263 2529 298 2586 In
322 2531 357 2587 ed
377 2541 421 2588 est
439 2530 517 2588 enim
542 2531 745 2590 convenientia
764 2551 870 2604 rerum,
885 2533 916 2591 in

121 2625 157 2683 et
171 2625 322 2698 stabilitas,
347 2625 375 2683 in
398 2627 433 2683 eti
461 2627 633 2685 constantia.
682 2628 759 2691 Quae
788 2647 856 2685 eum
883 2649 916 2687 se

121 2721 233 2794 extulit,
245 2731 274 2779 et
288 2723 415 2781 ostendit
428 2723 526 2781 lumen
541 2743 635 2795 suum,
650 2734 679 2782 et
693 2725 770 2782 idem
785 2725 917 2801 adspexit

122 2818 292 2894 agnovitque
307 2819 336 2877 in
352 2820 418 2892 alio,
435 2821 469 2878 ad
485 2821 513 2877 id
528 2839 559 2878 se
574 2819 715 2894 admovet,
730 2820 916 2898 vicissimque

63 2913 100 2968 2⁵
112 2914 227 2995 accipit
244 2912 334 2993 illud,
350 2917 429 2996 quod
447 2916 478 2976 in
496 2917 584 2976 altero
604 2927 667 2975 est:
689 2933 796 2992 exque
811 2935 915 2978 eorum

101 3016 284 3084 exardescit
308 3018 373 3082 sive
394 3035 491 3093 amm,
511 3013 575 3074 sue
595 3011 740 3072 Μῶν.
763 3022 917 3087 auumque
