1904 3750
63 222 156 283 nnn]
352 225 395 272 nn
416 225 561 273 orneris.
840 210 897 270 178

100 373 192 434 Quod
213 373 237 430 si
258 383 337 431 recte
354 374 503 450 judicavit,
518 382 577 431 non
597 383 676 430 recte
694 371 851 431 frumente-

62 468 122 526 rius
143 469 201 541 ille,
216 489 274 526 non
296 480 374 527 recte
393 471 496 528 aedium
509 470 704 546 pestilentium
721 470 849 528 venditor

62 565 161 622 tacuit.
217 566 276 622 Sed
304 567 466 642 hujusmodi
493 567 651 624 reticentiae
678 567 743 643 jure
771 567 849 624 civili

63 679 163 718 omnes
183 663 388 736 comprehendi
414 682 471 720 non
498 674 634 738 possunt:
663 683 725 738 quae
754 674 849 720 autem

62 768 190 831 possunt,
213 758 365 834 diligenter
392 769 534 815 tenentur.
576 757 618 816 M.
640 757 751 816 Marius
777 759 882 817 Gra-5

62 852 198 923 tidianus,
222 853 400 928 propinquus
427 865 534 926 noster,
559 854 593 911 C.
621 855 725 932 Sergio
751 855 849 913 Oratae

63 949 229 1006 vendiderat
244 950 319 1006 aedes
332 969 391 1020 eas,
407 968 478 1024 quas
493 950 642 1007 abeodem
663 951 733 1025 ipse,
747 952 849 1026 paucis

64 1055 128 1101 ante
143 1046 236 1115 annis,
251 1055 367 1103 emerat.
410 1045 464 1102 Hae
482 1045 585 1122 Sergio
599 1046 776 1103 serviebant:
798 1047 849 1103 sed

63 1140 162 1198 hocin
178 1142 323 1216 mancipio
341 1140 453 1198 Marius
473 1160 531 1197 non
552 1141 670 1198 dixerat.
712 1142 850 1199 Adducta

62 1255 107 1294 res
127 1238 157 1294 in
175 1238 317 1313 judicium
334 1248 385 1295 est.
426 1238 545 1295 Oratam
560 1237 691 1306 Crassus,
707 1238 849 1296 Gratidia·
866 1242 896 1289 1⁰

62 1350 130 1389 num
154 1333 326 1389 defendebat
347 1334 502 1390 Antonius.
544 1333 597 1390 Jus
622 1333 743 1390 Crassus
767 1352 849 1410 urge-

62 1428 126 1486 bat:
148 1429 225 1504 quod
246 1429 306 1485 vitii
328 1429 458 1485 venditor
479 1448 537 1485 non
558 1429 677 1486 dixisset
697 1430 803 1501 sciens,
818 1431 848 1487 id

61 1536 193 1600 oportere
219 1526 363 1601 praestari:
399 1526 561 1600 aequitatem
589 1527 751 1584 Antonius:
779 1546 849 1602 quo-

61 1622 138 1679 niam
154 1622 183 1678 id
197 1622 297 1679 vitium
318 1623 449 1699 ignotum
471 1623 574 1699 Sergio
594 1642 652 1680 non
674 1624 783 1695 suisset,
798 1625 847 1700 qui

61 1717 123 1775 illas
138 1718 215 1775 aedes
230 1719 415 1790 vendidisset,
429 1719 501 1776 nihil
522 1719 610 1777 fuisse
631 1739 750 1778 necesse
771 1721 847 1793 dici;
864 1736 895 1784 15

59 1832 115 1872 nec
136 1833 203 1870 eum
224 1832 288 1870 esse
307 1815 471 1890 deceptum,
493 1816 541 1890 qui
562 1816 602 1886 id,
624 1817 712 1891 quod·
728 1829 847 1890 emerat,

59 1929 117 1986 quo
142 1911 207 1987 jure
236 1921 320 1981 esset,
348 1921 467 1968 teneret.
521 1912 672 1973 Quorsum
699 1915 781 1970 haecl
816 1924 848 1971 ut

59 2007 129 2064 illud
152 2006 307 2083 intelligas,
323 2026 382 2065 non
401 2007 546 2083 placuisse
566 2008 723 2083 majoribus
742 2011 848 2066 nostris

59 2113 177 2160 astutos.

97 2295 198 2353 XVII.
222 2295 279 2352 Sed
302 2297 382 2354 aliter
403 2298 492 2374 leges,
508 2296 589 2354 aliter
609 2295 781 2372 philosophi,
795 2297 848 2355 tol·
862 2310 894 2359 20

58 2389 121 2447 lunt
136 2391 271 2448 astutias:
293 2392 380 2469 leges,
396 2394 538 2467 quatenus
558 2411 645 2450 manu
666 2403 764 2450 tenere
783 2411 848 2467 pos-

59 2497 142 2556 sunt;
163 2487 336 2563 philosophi,
351 2489 493 2563 quatenus
513 2489 623 2547 ratione
641 2499 671 2546 et
687 2488 848 2566 intelligen-

57 2583 107 2641 tit.
150 2584 241 2641 Ratio
263 2585 349 2661 igitur
362 2585 497 2659 postulat,
512 2586 633 2660 nequid
648 2585 795 2657 insidiose,
809 2604 847 2642 ne

58 2681 126 2756 qnid
146 2680 290 2752 simulate,
304 2700 341 2738 ne
355 2681 425 2756 quid
440 2681 588 2738 fallaciter.
631 2683 743 2739 Suntne
760 2682 848 2759 igitur

59 2775 180 2848 insidiae,
195 2776 315 2833 tendere
334 2776 443 2853 plagas,
458 2777 584 2835 etiamsi
598 2778 774 2836 excitaturus
788 2797 846 2837 non
862 2792 894 2842 25

58 2873 203 2944 alsterae,
225 2891 280 2930 nec
302 2873 480 2950 agitaturusl
507 2873 576 2949 ipse
597 2874 688 2947 enirn,
705 2875 790 2934 nullo
806 2876 856 2932 'xn-

58 2981 204 3047 aequente,
219 2987 296 3047 sepe
308 2969 461 3033 incidunt:
482 2971 531 3036 sic
543 2983 577 3036 tu
592 2974 677 3036 edes
687 2973 888 3055 poserem,

287 3071 324 3129 15
337 3069 356 3106 ⁴⁸
