1904 3750
324 273 369 320 DE
383 274 588 322 SENEGTUTE.
857 266 896 331 δὲ

59 415 93 478 P.
114 418 219 494 Deoio,
234 420 293 496 qui,
308 421 505 497 quinquennio
526 433 592 480 ante
610 443 677 482 eum
691 426 849 497 oonsulem,

60 534 164 592 septo
191 517 350 593 republica,
371 529 473 594 quarto
500 519 662 592 consulatu,
687 521 848 580 devoverat.

60 611 157 671 Ndrat
184 614 307 671 eundem
328 614 497 686 Fabricius3
520 614 604 673 ndrat
627 616 848 688 Coruncanium

60 709 119 784 qui,
135 729 201 768 oum
215 728 251 767 ex
265 710 317 768 sual
331 711 400 783 vitri,
415 721 476 769 tum
492 731 528 768 ex
541 712 613 788 ejus,
621 732 707 788 quem
722 713 799 785 dico,
815 713 847 772 P.

59 805 146 863 Decii
171 807 258 878 sacto,
286 807 475 883 judicabant,¹
491 827 554 865 esse
581 808 712 884 profecto
740 809 881 885 aliquida

59 903 162 961 natura
188 905 342 979 pulchrum
371 915 454 980 atque
480 905 661 980 praclarum,
689 907 767 980 quod
794 907 849 965 suit

59 1010 161 1076 sponte
181 1009 336 1076 peteretur,
361 1001 504 1076 quodque,
529 1000 625 1076 spreti
639 1010 668 1058 et
681 1003 849 1079 contemptd

58 1096 213 1172 voluptate,
229 1097 355 1172 optimus
369 1096 489 1171 quisque
504 1106 681 1172 sequeretur.

96 1193 247 1254 Quorsum
268 1193 355 1268 igitur
369 1203 427 1249 tam
449 1191 538 1250 multa
552 1192 588 1248 de
601 1192 767 1267 voluptatel
781 1193 849 1269 quia

58 1307 118 1347 non
139 1290 226 1348 modo
247 1289 420 1364 vituperatio
443 1289 532 1360 nulla,
554 1289 606 1346 sed
628 1289 716 1346 etiam
737 1292 896 1348 summam

57 1387 120 1445 laus
144 1387 303 1444 senectutis
327 1396 381 1457 est,
405 1385 482 1462 quod
509 1405 545 1443 ea
567 1386 727 1461 voluptates
754 1385 849 1444 nullas

58 1501 233 1560 magnopere
255 1483 406 1540 desiderat.
450 1482 538 1546 Caret
560 1482 662 1557 epulis,
684 1477 849 1540 exstructis·

56 1598 112 1654 que
133 1579 250 1649 mensis,
265 1590 293 1636 et
308 1579 505 1654 frequentibus
525 1579 658 1654 poculisl
680 1588 759 1635 earet
778 1597 848 1655 ergo

58 1676 146 1733 etiam
178 1675 346 1747 vinolentiis,
376 1685 404 1733 et
439 1676 591 1748 cruditate,
623 1686 653 1732 et
687 1675 846 1732 insomniis.

59 1772 128 1843 Sed,
150 1772 174 1829 si
195 1772 301 1848 aliquid
323 1773 449 1829 dandum
470 1782 515 1829 est
540 1771 689 1847 voluptati,
711 1771 847 1846 quoniam
863 1771 895 1821 15

57 1868 121 1945 ejus
152 1868 299 1926 blanditiis
326 1888 385 1925 non
420 1868 505 1926 faoile
532 1868 707 1938 obsistimus,
737 1865 847 1944 (divine

57 1965 136 2022 enim
150 1963 233 2022 Plato
247 1983 343 2022 eseam
358 1965 499 2022 malorum
514 1964 689 2038 voluptatem
712 1962 846 2039 appellat,

57 2063 135 2137 quod
155 2062 190 2119 erl
210 2062 346 2118 videlieet
372 2061 504 2118 homiues
526 2059 686 2134 capiantur,
708 2067 740 2116 ut
760 2059 847 2114 hamo

56 2159 165 2237 pisces)
194 2176 357 2233 quanquam
392 2155 590 2213 immoderatis
624 2153 716 2228 epulis
749 2161 848 2210 eareat

57 2264 202 2326 senectus,
237 2253 360 2311 modieis
393 2262 490 2309 tamen
528 2249 669 2307 conviviis
708 2247 847 2305 delectari
861 2257 894 2308 2⁰

55 2361 159 2427 potest.
201 2351 235 2408 Ο.
248 2350 399 2419 Duillium,
415 2347 457 2406 Μ.
473 2345 621 2421 filiumqui
634 2344 741 2401 Poenos
755 2343 848 2401 classe
886 2406 890 2411 ,

55 2448 165 2524 primus
178 2447 333 2517 devicerat,
348 2446 516 2502 redeuntem
532 2461 548 2500 a
562 2442 646 2498 ooeml
659 2459 758 2497 senem
772 2457 847 2515 saepe

56 2545 188 2602 videbam
215 2562 302 2619 puer;
331 2541 529 2598 delectabatur
557 2539 660 2595 crebro
688 2535 790 2607 funali,
818 2544 848 2593 et

56 2641 186 2712 tibioine,
226 2660 289 2715 quae
328 2638 393 2709 sibi,
433 2636 513 2694 nullo
546 2633 686 2709 exemplo,
719 2631 848 2708 privatus

56 2747 234 2814 sumpserat:
255 2745 369 2793 tautum
383 2733 510 2790 lieentiae
525 2731 612 2788 dabat
625 2729 727 2807 gloria
860 2734 893 2787 z

95 2835 154 2893 Sed
169 2834 238 2910 quid
252 2851 308 2909 ego
322 2831 413 2888 aliosl
435 2830 471 2885 ad
485 2827 626 2903 meipsum
637 2825 697 2902 jam
712 2832 845 2883 revertar·

55 2931 185 3004 Primum
195 2929 284 2988 habui
295 2945 406 3002 semper
417 2926 547 2983 sodales:
562 2922 728 2981 sodalitates
739 2931 846 2994 autem¹

55 3046 103 3087 me
135 3037 287 3106 questore,
318 3023 488 3086 constitute
521 3031 608 3094 suut,
636 3018 739 3077 sanius
765 3012 873 3070 tastu
