1904 3750
74 617 113 677 10
411 630 454 678 na
473 630 619 680 oamcus.
841 635 872 695 [a

119 793 205 835 omne
217 786 388 853 pervertant.
429 777 459 834 N
462 797 507 836 am
521 779 571 854 qui
584 798 726 838 summum
740 780 849 839 honum
863 800 872 839 a

120 871 254 945 instituit,
264 883 296 931 nt
309 874 381 931 nihil
396 875 501 932 habeat
511 895 578 934 cum
588 877 693 934 virtute
704 874 872 954 conjunctur

120 967 208 1043 idque
231 969 290 1026 suis
317 970 485 1042 commodis,
507 990 566 1029 non
594 973 754 1045 honestate,
776 974 871 1031 metitu

122 1064 181 1137 hic,
196 1064 221 1123 si
235 1065 290 1123 sihi
305 1066 365 1142 ipse
380 1067 551 1139 consentiat,
567 1077 596 1125 et
615 1087 675 1126 non
695 1069 839 1129 interdum
860 1088 870 1128 r

89 1168 194 1220 utura
214 1162 344 1219 bonitate
364 1163 506 1235 vincatur,
521 1183 615 1238 neque
636 1165 793 1223 amicitiam
814 1165 869 1224 coh

121 1258 219 1336 possit,
241 1277 296 1315 nec
314 1258 464 1334 justitiam,
485 1278 541 1317 nec
560 1260 771 1319 liberalitatem.
812 1262 868 1320 For

122 1373 198 1426 vero,
226 1355 524 1413 doloremsummum
550 1356 657 1414 malum
681 1357 831 1433 judicans;
862 1378 867 1415 a

121 1460 295 1527 temperans,
306 1451 480 1528 voluptatem
495 1471 637 1510 summum
652 1453 758 1511 bonum
772 1463 866 1512 statue

121 1565 186 1606 esse
202 1558 281 1606 certe
301 1548 382 1605 nullo
403 1549 488 1606 modo
506 1559 609 1624 potest.
650 1549 727 1612 Quae
747 1570 866 1626 quanqn

74 1650 105 1701 10
121 1642 162 1702 ita
175 1654 242 1702 suut
252 1644 434 1720 inpromptu,
446 1654 477 1701 ut
487 1663 533 1701 res
544 1645 736 1720 disputatione
746 1665 803 1705 non
815 1665 865 1724 ege

119 1750 216 1798 tamen
231 1750 298 1798 sunt
313 1760 330 1797 a
343 1740 427 1797 nobis
443 1741 499 1798 alio
512 1741 579 1800 loco
591 1742 743 1819 disputata.
784 1743 864 1801 Haet'

119 1835 233 1911 cipliuae
250 1835 348 1912 igitur,
363 1836 388 1893 si
401 1836 457 1893 sibi
472 1848 673 1896 consentanee
686 1857 750 1896 esse
762 1838 860 1911 velint,

118 1931 215 1990 officio
238 1932 310 1989 nihil
337 1942 444 2008 queant
470 1933 585 1991 dicere:
619 1953 714 2009 neque
736 1935 796 1992 ulla
819 1936 863 1994 offi

117 2038 263 2105 precepta
279 2029 370 2101 firma,
385 2030 509 2102 stabilia,
525 2031 682 2107 conjuncta
701 2042 819 2103 naturae,
834 2041 859 2088 tr

73 2140 104 2189 15
118 2135 246 2202 possunt,
262 2125 320 2183 nisi
336 2136 384 2183 aut
399 2127 434 2184 ab
448 2127 484 2184 iis
498 2128 547 2202 qui
567 2129 668 2200 solam,
684 2138 732 2186 aut
753 2129 788 2185 ab
809 2127 844 2185 ii
858 2152 862 2180 v

118 2223 252 2294 maxime,
268 2224 448 2280 honestatem
467 2235 583 2301 propter
604 2223 635 2282 s'e
656 2225 753 2282 dicant
773 2235 861 2300 expet

119 2318 195 2377 dam.
237 2318 339 2393 Itaque
364 2320 478 2396 propria
498 2330 541 2378 est
561 2340 596 2379 ea
615 2321 768 2398 praeceptio
794 2321 859 2379 Stoi

118 2433 192 2486 rum,
205 2414 459 2484 Academicorum,
474 2416 751 2493 Peripateticorum:
773 2418 859 2493 quoni

118 2510 273 2583 Aristonis,
288 2511 452 2588 Pyrrhonis,
467 2513 582 2585 Herilli,
595 2513 777 2591 jampridem
793 2515 860 2590 exph

71 2617 104 2669 20
119 2608 262 2665 sententia
275 2618 335 2678 est;
356 2610 404 2684 qui
418 2619 515 2666 tamen
536 2610 675 2666 haherent
686 2611 733 2685 jus
753 2629 836 2668 suum
851 2629 859 2665 r

118 2705 238 2780 putandi
259 2705 294 2762 de
314 2705 420 2777 officio,
442 2705 466 2762 si
487 2724 583 2762 rerum
611 2705 734 2778 aliquem
762 2705 856 2763 delect

119 2800 311 2875 reliquissent,
327 2811 357 2857 ut
379 2801 414 2858 ad
436 2801 523 2858 officii
544 2801 736 2858 inventionem
756 2800 850 2858 aditus

117 2906 168 2954 set.
210 2897 370 2971 Sequemur
396 2897 482 2974 igitur
503 2899 560 2955 hoc
580 2897 696 2971 quidem
716 2906 855 2973 tempore,

117 2991 173 3049 hac
195 2993 225 3049 in
245 2993 411 3067 quastione,
436 2993 614 3069 potissimum
642 2993 767 3064 Stoicos,
789 3013 847 3051 non

70 3094 103 3144 25
117 3087 301 3164 interpretes3
323 3089 373 3147 sed
394 3088 439 3166 (ut
459 3089 628 3169 solemus)e
649 3089 774 3146 fontibus
795 3108 857 3149 eoru

114 3182 225 3258 judicio
236 3185 409 3260 arbitrioque
419 3196 525 3258 nostro,
536 3194 674 3261 quantum
685 3203 808 3261 quo-que
818 3204 857 3245 mt

117 3278 268 3354 ridebitur,
284 3282 456 3347 hauriemus.
633 3346 640 3357 ,

140 3372 248 3434 Placet
275 3377 377 3456 igitur,
402 3377 540 3456 quoniam
564 3377 657 3439 omnis
683 3378 840 3458 disputatio
