1904 3750
57 253 143 316 nm]
353 253 397 300 nn
417 254 562 301 osricus.
844 245 901 304 147

57 423 116 479 que
135 403 289 463 laudanda
302 420 364 460 non
379 401 445 474 sint,
461 403 576 460 obeam
592 400 708 482 (credo)
725 420 853 476 causam,

58 502 130 576 quod
158 502 230 559 insit
259 500 291 558 in
320 499 366 555 his
394 499 502 573 aliquid
536 499 628 575 probi,
655 499 731 574 quod
758 501 854 576 capiat

59 597 181 674 ignaros,
203 596 255 673 qui
284 596 385 666 iidem,
406 596 475 670 quid
496 596 525 652 in
547 596 719 671 uniquique
739 616 771 653 re
793 597 854 654 vitii

59 695 102 765 sit,
121 703 271 769 nequeant
289 692 430 769 judicare.
472 691 583 767 Itaque,
599 712 666 750 cum
685 704 753 751 sunt
774 694 853 751 docti

60 790 200 866 aperitis,
215 774 304 846 facile
319 788 461 847 desistunt
477 807 493 845 a
506 789 658 846 sententiat.
868 799 884 848 5

94 982 149 1041 IV.
176 981 253 1040 Hoec
278 980 367 1059 igitur
389 982 495 1054 officia,
517 983 553 1039 de
576 982 681 1058 quibus
704 983 749 1040 his
772 984 853 1041 libris

58 1079 237 1150 disserimus,
252 1077 337 1153 quasi
358 1079 486 1136 secunda
505 1079 634 1153 quaedam
654 1078 776 1136 honesta
790 1099 853 1136 esse

57 1175 171 1248 dicunt,
192 1194 252 1233 non
273 1173 436 1250 sapientum
454 1175 544 1233 modo
567 1174 693 1250 propria,
714 1175 764 1231 sed
786 1193 853 1232 cnm

57 1273 137 1331 omni
160 1273 314 1330 hominum
335 1290 442 1348 genere
464 1271 638 1329 communia.
679 1271 781 1346 Itaque
808 1271 853 1329 his

56 1389 168 1441 omnes,
183 1370 213 1427 in
227 1370 334 1445 quibus
348 1378 391 1426 est
405 1369 517 1426 virtutis
535 1369 656 1440 indoles,
672 1387 854 1426 commoven-
869 1376 899 1426 lo

57 1476 111 1524 tur.
154 1465 222 1524 Nec
236 1483 316 1535 vero,
332 1482 398 1522 cum
412 1465 470 1523 duo
489 1465 586 1537 Decii,
602 1477 650 1523 aut
664 1467 721 1524 duo
742 1466 853 1542 Scipio·

57 1581 118 1636 nes,
140 1564 231 1622 sortes
252 1561 309 1620 viri
337 1572 610 1636 commemorantur,
633 1575 682 1621 aut
709 1582 777 1622 cum
798 1564 853 1623 Fa·

58 1659 177 1733 bricius,
203 1658 388 1717 Aristidesve
413 1659 508 1735 justus
534 1660 710 1734 nominatur,
740 1673 788 1720 aut
816 1664 852 1721 ab

58 1755 123 1830 illis,
138 1754 331 1826 fortitudinis,
347 1766 395 1812 aut
417 1757 452 1813 ab
473 1756 527 1828 his,
542 1757 670 1833 justitie,
685 1769 820 1835 tanquam
837 1779 853 1818 a

57 1854 248 1930 sapientibus,
278 1851 386 1926 petitur
418 1853 590 1932 exemplum.
644 1855 741 1914 Nemo
774 1857 851 1915 enim
868 1861 898 1909 15

58 1949 158 2008 horum
187 1950 233 2008 sic
250 1948 377 2024 sapiens
404 1960 456 2022 est,
478 1960 510 2008 ut
536 1953 696 2027 sapientem
719 1954 852 2011 volumus

58 2045 196 2125 intelligi:
225 2065 285 2104 nec
313 2045 343 2117 ii,
365 2046 415 2121 qui
443 2048 587 2122 sapientes
614 2048 705 2105 habiti
731 2060 799 2105 sunt
823 2060 852 2106 et

57 2145 207 2215 nominati,
231 2141 275 2198 M.
296 2141 372 2199 Cato
393 2153 422 2199 et
442 2143 477 2200 Ο.
499 2143 615 2212 Laelius,
630 2144 774 2218 sapientes
793 2144 852 2201 fue-

58 2251 137 2312 runt3
158 2259 198 2299 ne
220 2238 264 2298 illi
285 2238 401 2312 quidem
416 2250 543 2315 septem:
564 2239 625 2310 sed,
640 2257 676 2295 ex
690 2239 851 2297 mediorum

59 2338 218 2398 officiorum
254 2334 424 2410 frequentiis,
452 2335 672 2393 similitudinem
707 2336 850 2410 quandam
865 2339 897 2389 20

59 2436 195 2509 gerebant
209 2431 397 2508 speciemque
411 2431 583 2508 sapientiam.

94 2529 249 2592 Quocirca
276 2546 332 2584 nec
357 2527 396 2600 id,
418 2529 494 2603 quod
523 2547 589 2585 vere
616 2512 769 2586 honestum
796 2539 849 2601 est,

59 2623 99 2683 faa
119 2635 164 2685 est
192 2643 262 2683 cum
290 2624 423 2682 utilitatis
451 2625 644 2702 repugnantii
672 2625 849 2701 comparari3

57 2739 111 2781 nec
137 2724 168 2780 id
196 2721 325 2797 quidem,
354 2721 432 2796 quod
459 2722 650 2779 communiter
677 2722 851 2796 appellamus

58 2817 222 2890 honestum,
236 2818 316 2892 quod
337 2817 442 2874 colitur
458 2818 493 2876 ab
508 2818 543 2875 iis
557 2819 607 2893 qui
624 2819 716 2875 bonos
730 2837 762 2875 se
774 2817 851 2877 viros
865 2829 897 2880 25

57 2915 156 2975 haberi
183 2915 296 2986 volunt,
325 2932 393 2971 cum
421 2915 624 2973 emolumentis
655 2933 781 2992 unquam
807 2927 855 2976 eat

57 3010 301 3090 conparandum:
330 3020 450 3096 tamque
477 3012 512 3078 ‘nt
535 3014 718 3092 honestum,
736 3011 884 3096 uuou'm
