1904 3750
56 247 123 310 ii]
355 246 401 295 nu
419 246 566 295 cunone.
861 231 906 293 8⁵

55 416 118 475 que
144 406 193 455 est
219 414 320 456 rerum
348 397 572 472 expetendarum
598 395 856 475 fugiendarumque

52 495 190 554 scientia.

96 593 154 650 Illa
182 602 280 650 autem
308 590 462 667 sapientia,
485 611 571 667 quam
597 592 758 669 principem
785 592 855 665 dixi,

55 708 153 749 terum
169 699 215 747 est
228 689 394 747 divinarum
410 700 494 764 atque
512 690 701 748 humanarum
716 691 854 760 scientia3

58 806 90 845 ur
110 788 169 863 qud
191 787 360 845 continetur
379 785 508 844 Deorum
522 797 550 844 et
564 788 713 845 hominum
728 807 856 846 commu·
870 797 886 845 5

57 885 136 942 nitas
156 895 187 941 et
206 884 336 941 societas
356 882 430 940 inter
451 873 539 959 ipsust
577 884 622 941 Ea
635 885 660 941 si
673 886 797 943 maxima
813 895 856 942 est

57 979 109 1058 (ut
128 992 173 1038 est
193 981 300 1059 certe),
319 998 440 1036 necesse
460 990 513 1053 est,
528 981 605 1055 quod
619 1000 636 1037 a
650 982 856 1039 communitate

56 1077 184 1136 ducetur
211 1077 356 1148 officium,
380 1077 410 1133 id
436 1097 498 1135 esse
526 1077 690 1135 maximum.
740 1078 856 1135 Etenim

58 1176 193 1253 cognitio
207 1174 472 1250 contemplatioque
492 1184 602 1232 naturae
616 1194 720 1232 manca
733 1175 856 1249 quodam

61 1273 147 1330 modo
170 1284 256 1348 etque
278 1271 417 1329 inchoate
436 1273 482 1344 sit,
504 1272 528 1329 si
549 1272 630 1330 nulla
657 1272 734 1328 actio
762 1289 857 1327 rerum
872 1277 903 1326 1⁰

58 1381 272 1446 consequatur:
294 1387 332 1425 ea
352 1378 446 1426 eutem
469 1364 551 1426 aetio*
565 1370 595 1426 in
616 1369 766 1425 hominum
781 1387 858 1425 com·

59 1468 155 1525 modis
170 1466 289 1524 tuendis
303 1465 427 1522 maxime
448 1467 584 1524 cernitur.
626 1466 755 1524 Pertinet
769 1466 857 1543 igitur

61 1564 98 1621 ad
117 1565 292 1622 societatem
314 1563 429 1639 generis
449 1563 584 1621 humani:
612 1584 682 1642 ergo
703 1567 765 1623 haec
790 1584 858 1641 cog·

63 1661 166 1719 uitioni
188 1660 396 1737 anteponenda
415 1672 474 1717 est:
496 1671 580 1736 atque
595 1662 623 1718 id
637 1663 762 1738 optimus
781 1663 857 1738 quis·

60 1777 160 1834 quere
175 1757 241 1835 ipsit
254 1757 392 1827 ostendit,
408 1767 436 1814 et
454 1757 573 1834 judicat.
614 1760 692 1822 Quis
713 1760 791 1817 enim
814 1770 857 1817 est
872 1765 903 1814 15

64 1865 118 1914 tam
146 1855 274 1932 cupidus
303 1853 333 1910 in
361 1855 563 1929 perspiciendi
597 1858 858 1934 cognoscendique

65 1969 156 2011 rerum
170 1952 288 2023 maturi,
304 1963 346 2022 ut,
357 1951 382 2007 si
396 1951 432 2021 ei,
444 1953 577 2009 tractanti
593 1955 857 2031 contemplantique

64 2068 107 2108 res
133 2050 307 2128 cognitione
335 2048 527 2124 dignissimas,
552 2051 648 2107 subito
675 2053 712 2108 sit
740 2052 857 2109 allatum

62 2148 224 2223 periculum
252 2145 467 2221 discrimenque
493 2147 603 2222 patrie,
629 2148 677 2203 cui
704 2148 857 2203 subvenire

61 2244 256 2320 opitularique
283 2241 385 2317 possit,
412 2261 469 2300 non
503 2243 553 2299 illa
586 2242 684 2299 omnia
715 2243 858 2316 relinquat
871 2253 904 2303 20

66 2351 148 2417 ttque
173 2340 303 2416 abjiciat,
329 2338 415 2395 etiam
439 2340 463 2396 si
488 2340 671 2396 dinumerare
695 2358 726 2395 se
750 2339 856 2410 stellas,

66 2447 112 2494 tut
132 2436 229 2494 metiri
253 2433 356 2492 mundi
377 2434 615 2511 magnitudinem,
636 2454 721 2510 posse
743 2434 858 2491 arbitre-

66 2534 129 2590 tutl
170 2531 271 2607 Atque
292 2530 350 2586 hoc
371 2529 447 2587 idem
469 2530 498 2587 in
517 2531 653 2606 parentis,
669 2531 698 2588 in
714 2530 811 2600 amici,
826 2549 858 2586 re

67 2639 113 2686 tut
131 2629 265 2705 periculo
285 2626 395 2684 fecerit.
436 2627 554 2689 Quibus
574 2628 660 2684 rebus
677 2626 857 2702 intelligitur,

66 2726 167 2783 studiis
203 2724 369 2797 officiisque
406 2723 535 2781 scientim
568 2724 761 2800 praeponenda
794 2742 857 2782 esse
871 2734 904 2783 23

67 2821 160 2881 officia
176 2821 309 2899 justitie,
324 2839 387 2894 quae
409 2821 552 2894 pertinent
566 2821 601 2878 ad
617 2821 765 2878 hominum
782 2821 857 2880 utili·

65 2927 152 2980 tatem
160 2941 168 2993 3
188 2919 248 2997 qud
261 2917 337 2976 nihil
351 2916 462 2974 homini
475 2936 539 2977 esse
553 2919 639 2975 debet
654 2917 806 2994 antiquius.

303 3013 324 3071 8
