1904 3750
68 240 164 300 nm]
359 240 403 288 nn
424 241 571 290 oremus.
850 231 912 288 163

69 392 175 462 oausa3
205 391 288 450 aliam
308 392 450 450 rationem
471 412 535 450 esse
556 391 663 451 civium
677 392 861 468 reliquorum.

68 487 109 545 Hi
131 488 187 546 sibi
208 488 280 546 nihil
300 489 382 565 juris,
404 500 434 546 et
453 490 562 546 nullam
583 489 762 561 societatem,
784 508 863 546 com·

67 585 163 642 munis
178 585 309 642 utilitatis
321 586 420 656 eausa,
431 596 561 643 statuunt
574 605 637 642 esse
652 604 718 643 oum
734 586 860 643 civibus:

67 701 129 756 quae
150 682 295 739 sententia
314 701 431 739 omnem
451 684 620 740 societatem
640 683 774 740 distrahit
792 683 862 740 eivi-

66 776 141 834 tatis.
192 778 256 839 Qui
277 789 371 835 autem
394 765 500 835 civium
524 780 666 836 rationem
690 780 792 838 dieunt
812 779 891 837 hit-5
948 768 951 772 Α

66 873 201 944 bendam,
222 884 406 931 externorum
430 885 548 951 negant,
570 876 598 931 hi
621 876 760 933 dirimunt
782 896 861 934 oom-

64 989 183 1028 munem
199 969 317 1027 humani
332 972 447 1047 generis
460 972 646 1042 societatem
668 974 724 1047 qut
735 973 859 1045 sublata,

64 1065 268 1138 beneficentia,
289 1067 456 1140 liberalitas,
477 1068 602 1139 bonitas,
621 1067 742 1144 justitia,
764 1068 859 1125 sundi-

64 1173 110 1220 tus
136 1162 264 1220 tollitur:
299 1183 362 1238 quae
389 1165 438 1239 qui
465 1165 578 1236 tollunt,
608 1165 695 1221 etiam
723 1165 858 1223 adversus

64 1257 144 1316 Deos
164 1259 340 1317 immortales
368 1259 448 1335 impii
473 1260 625 1337 judicandi
653 1270 737 1318 sunt:
767 1262 803 1317 ab
822 1260 858 1319 iis
873 1273 905 1322 10

63 1356 141 1413 enirn
155 1357 343 1414 constitutam
359 1358 433 1414 inter
448 1358 580 1414 homines
595 1357 764 1416 societatem
780 1375 859 1414 ever·

63 1461 145 1523 tunt;
181 1453 264 1529 eujus
298 1455 446 1511 societatis
482 1455 675 1512 arctissimum
708 1454 857 1512 vinculum

64 1561 115 1621 est,
130 1551 224 1627 magis
245 1551 377 1608 arbitrari
398 1570 462 1608 esse
481 1564 583 1610 contra
604 1563 746 1625 naturam,
766 1552 857 1610 homi·

63 1664 128 1704 nem
162 1646 274 1706 homini
307 1649 468 1721 detrahere,
497 1650 542 1707 sui
575 1650 722 1707 commodi
757 1651 856 1722 causa,

63 1760 147 1817 quarn
169 1744 269 1801 omnia
289 1745 476 1802 incommoda
496 1745 592 1802 subire
607 1747 651 1802 vel
668 1756 797 1818 externa,
812 1747 855 1804 vel
872 1755 903 1804 15

63 1841 202 1916 corporis,
224 1841 267 1898 vel
295 1842 383 1898 etiam
417 1842 506 1918 ipsius
541 1843 639 1915 animi,
661 1862 724 1918 quae
752 1853 856 1902 vaoent

58 1935 180 2011 justitia.
236 1936 311 1995 Haeo
337 1938 415 1996 enim
447 1959 506 1997 una
532 1941 622 1998 virtus
656 1941 785 1998 omnium
813 1952 856 1998 est

62 2032 180 2092 domina
193 2044 224 2090 et
237 2036 339 2111 regina
352 2035 498 2093 virtutum.

99 2130 237 2188 Forsitan
265 2131 406 2206 quispiam
441 2131 562 2189 dixerit:
598 2129 734 2188 “Nonne
767 2131 855 2207 igitur

62 2227 186 2302 sapiens,
221 2227 245 2284 si
280 2228 355 2285 same
390 2229 451 2305 ipse
489 2226 671 2298 conficiatur,
707 2227 856 2284 abstulerit
870 2237 902 2286 2⁰

62 2324 159 2381 cibum
195 2324 288 2396 alteri,
317 2325 428 2382 homini
456 2326 491 2382 ad
519 2324 627 2382 nullam
657 2340 718 2379 rem
745 2323 853 2380 utilil'’

62 2416 185 2477 Minime
212 2439 289 2478 vero.
331 2420 401 2478 Non
428 2422 505 2479 enim
532 2420 604 2478 mihi
632 2429 675 2476 est
702 2420 762 2477 vita
790 2439 856 2478 mea

62 2516 170 2590 utilior,
192 2537 277 2592 quam
303 2518 390 2574 animi
417 2519 483 2576 talis
511 2518 634 2589 affectio,
656 2516 801 2579 neminem
823 2526 856 2574 ut

61 2613 164 2671 violem
186 2614 334 2672 commodi
354 2616 411 2672 mei
432 2615 533 2692 gratini.
573 2614 677 2677 Quidl
704 2612 729 2670 si
753 2612 855 2671 Phala·

61 2709 123 2782 rim,
138 2711 286 2768 crudelem
302 2722 454 2786 tyrannum
469 2720 499 2769 et
513 2712 678 2781 immanem,
692 2711 735 2767 vir
750 2710 854 2782 bonus,
868 2717 901 2767 25

60 2824 97 2864 ue
107 2808 169 2884 ipse
179 2808 286 2884 frigore
301 2808 482 2879 conficiatur,
494 2809 597 2866 vestitu
612 2807 734 2883 spoliare
748 2806 853 2883 possit;

59 2921 158 2963 nonno
172 2904 281 2963 faeiatl
323 2903 397 2961 Haeo
414 2905 449 2962 ad
467 2904 659 2982 judicandum
672 2903 866 2962 suntlneillx·

60 3018 113 3063 ns.
153 3001 243 3074 Nam,
258 3001 284 3062 si
298 3001 371 3082 quid
385 3003 424 3066 ab
437 3003 563 3069 homine
577 3005 617 3067 ad
627 3003 752 3066 nullam
763 3008 897 3082 mmm
