<?xml version="1.0" encoding="UTF-8"?>
<!DOCTYPE html PUBLIC "-//W3C//DTD XHTML 1.0 Transitional//EN"
    "http://www.w3.org/TR/xhtml1/DTD/xhtml1-transitional.dtd">
<html xmlns="http://www.w3.org/1999/xhtml" xml:lang="en" lang="en">
 <head>
  <title>
</title>
<meta http-equiv="Content-Type" content="text/html;charset=utf-8" />
  <meta name='ocr-system' content='tesseract 3.04.00' />
  <meta name='ocr-capabilities' content='ocr_page ocr_carea ocr_par ocr_line ocrx_word'/>
</head>
<body>
  <div class='ocr_page' id='page_1' title='image "./mtciceronisdeof00dillgoog/mtciceronisdeof00dillgoog_0373.png"; bbox 0 0 1904 3750; ppageno 0'>
   <div class='ocr_carea' id='block_1_1' title="bbox 72 253 746 327">
    <p class='ocr_par' dir='ltr' id='par_1_1' title="bbox 72 253 746 327">
     <span class='ocr_line' id='line_1_1' title="bbox 72 253 746 327; baseline 0.001 -12"><span class='ocrx_word' id='word_1_1' title='bbox 72 253 112 315; x_wconf 81' lang='lat'><strong>68</strong></span> <span class='ocrx_word' id='word_1_2' title='bbox 280 269 418 327; x_wconf 75' lang='lat' dir='ltr'><strong>amarus,</strong></span> <span class='ocrx_word' id='word_1_3' title='bbox 433 268 507 316; x_wconf 78' lang='lat' dir='ltr'><strong>srva</strong></span> <span class='ocrx_word' id='word_1_4' title='bbox 527 268 571 316; x_wconf 85' lang='lat' dir='ltr'><strong>nn</strong></span> <span class='ocrx_word' id='word_1_5' title='bbox 591 266 746 319; x_wconf 72' lang='lat' dir='ltr'><strong>aaronis.</strong></span> 
     </span>
    </p>
   </div>
   <div class='ocr_carea' id='block_1_2' title="bbox 73 417 939 2988">
    <p class='ocr_par' dir='ltr' id='par_1_2' title="bbox 119 417 909 780">
     <span class='ocr_line' id='line_1_2' title="bbox 158 417 907 495; baseline 0.003 -22"><span class='ocrx_word' id='word_1_6' title='bbox 158 417 382 494; x_wconf 82' lang='lat' dir='ltr'><strong>Agrigentinum</strong></span> <span class='ocrx_word' id='word_1_7' title='bbox 405 421 532 495; x_wconf 91' lang='lat' dir='ltr'><strong>quidem,</strong></span> <span class='ocrx_word' id='word_1_8' title='bbox 555 421 671 478; x_wconf 89' lang='lat' dir='ltr'><strong>doctum</strong></span> <span class='ocrx_word' id='word_1_9' title='bbox 697 419 836 495; x_wconf 83' lang='lat' dir='ltr'><strong>quendam</strong></span> <span class='ocrx_word' id='word_1_10' title='bbox 864 417 907 475; x_wconf 83' lang='lat' dir='ltr'><strong>vi·</strong></span> 
     </span>
     <span class='ocr_line' id='line_1_3' title="bbox 119 515 907 589; baseline 0.001 -18"><span class='ocrx_word' id='word_1_11' title='bbox 119 532 193 586; x_wconf 88' lang='lat' dir='ltr'><strong>rum,</strong></span> <span class='ocrx_word' id='word_1_12' title='bbox 208 515 383 573; x_wconf 82' lang='lat' dir='ltr'><strong>carminibus</strong></span> <span class='ocrx_word' id='word_1_13' title='bbox 396 517 507 574; x_wconf 76' lang='lat' dir='ltr'><strong>Graecis</strong></span> <span class='ocrx_word' id='word_1_14' title='bbox 520 516 706 574; x_wconf 88' lang='lat' dir='ltr'><strong>vaticinatum</strong></span> <span class='ocrx_word' id='word_1_15' title='bbox 723 516 826 586; x_wconf 85' lang='lat' dir='ltr'><strong>serunt,</strong></span> <span class='ocrx_word' id='word_1_16' title='bbox 841 533 907 589; x_wconf 76' lang='lat' dir='ltr'><strong>quaa</strong></span> 
     </span>
     <span class='ocr_line' id='line_1_4' title="bbox 119 609 908 687; baseline -0.001 -20"><span class='ocrx_word' id='word_1_17' title='bbox 119 609 150 667; x_wconf 93' lang='lat' dir='ltr'><strong>in</strong></span> <span class='ocrx_word' id='word_1_18' title='bbox 164 630 259 668; x_wconf 89' lang='lat' dir='ltr'><strong>rerum</strong></span> <span class='ocrx_word' id='word_1_19' title='bbox 273 612 377 669; x_wconf 67' lang='lat' dir='ltr'><strong>natura</strong></span> <span class='ocrx_word' id='word_1_20' title='bbox 390 622 508 687; x_wconf 88' lang='lat' dir='ltr'><strong>totoque</strong></span> <span class='ocrx_word' id='word_1_21' title='bbox 523 613 631 669; x_wconf 91' lang='lat' dir='ltr'><strong>mundo</strong></span> <span class='ocrx_word' id='word_1_22' title='bbox 645 621 821 682; x_wconf 83' lang='lat' dir='ltr'><strong>constarent,</strong></span> <span class='ocrx_word' id='word_1_23' title='bbox 832 630 908 686; x_wconf 82' lang='lat' dir='ltr'><strong>quae·</strong></span> 
     </span>
     <span class='ocr_line' id='line_1_5' title="bbox 120 707 909 780; baseline -0.001 -17"><span class='ocrx_word' id='word_1_24' title='bbox 120 725 176 780; x_wconf 88' lang='lat' dir='ltr'><strong>que</strong></span> <span class='ocrx_word' id='word_1_25' title='bbox 196 718 388 778; x_wconf 90' lang='lat' dir='ltr'><strong>moverentur,</strong></span> <span class='ocrx_word' id='word_1_26' title='bbox 410 727 446 766; x_wconf 88' lang='lat' dir='ltr'><strong>ea</strong></span> <span class='ocrx_word' id='word_1_27' title='bbox 465 710 635 765; x_wconf 81' lang='lat' dir='ltr'><strong>contrahere</strong></span> <span class='ocrx_word' id='word_1_28' title='bbox 658 707 825 778; x_wconf 88' lang='lat' dir='ltr'><strong>amicitiam,</strong></span> <span class='ocrx_word' id='word_1_29' title='bbox 851 707 909 763; x_wconf 87' lang='lat' dir='ltr'><strong>dis·</strong></span> 
     </span>
    </p>

    <p class='ocr_par' dir='ltr' id='par_1_3' title="bbox 88 803 909 1250">
     <span class='ocr_line' id='line_1_6' title="bbox 88 803 909 879; baseline 0.002 -22"><span class='ocrx_word' id='word_1_30' title='bbox 88 803 211 878; x_wconf 85' lang='lat' dir='ltr'><strong>5sipare</strong></span> <span class='ocrx_word' id='word_1_31' title='bbox 233 803 415 862; x_wconf 89' lang='lat' dir='ltr'><strong>discordiam.</strong></span> <span class='ocrx_word' id='word_1_32' title='bbox 457 804 555 879; x_wconf 85' lang='lat' dir='ltr'><strong>Atque</strong></span> <span class='ocrx_word' id='word_1_33' title='bbox 583 805 639 861; x_wconf 93' lang='lat' dir='ltr'><strong>hoc</strong></span> <span class='ocrx_word' id='word_1_34' title='bbox 666 804 781 879; x_wconf 91' lang='lat' dir='ltr'><strong>quidem</strong></span> <span class='ocrx_word' id='word_1_35' title='bbox 806 822 909 860; x_wconf 89' lang='lat' dir='ltr'><strong>omnes</strong></span> 
     </span>
     <span class='ocr_line' id='line_1_7' title="bbox 118 898 909 983; baseline -0.001 -27"><span class='ocrx_word' id='word_1_36' title='bbox 118 900 253 957; x_wconf 84' lang='lat' dir='ltr'><strong>mortales</strong></span> <span class='ocrx_word' id='word_1_37' title='bbox 266 910 295 956; x_wconf 91' lang='lat' dir='ltr'><strong>et</strong></span> <span class='ocrx_word' id='word_1_38' title='bbox 309 900 483 977; x_wconf 86' lang='lat' dir='ltr'><strong>intelligunt,</strong></span> <span class='ocrx_word' id='word_1_39' title='bbox 498 911 527 958; x_wconf 91' lang='lat' dir='ltr'><strong>et</strong></span> <span class='ocrx_word' id='word_1_40' title='bbox 540 920 572 958; x_wconf 88' lang='lat' dir='ltr'><strong>re</strong></span> <span class='ocrx_word' id='word_1_41' title='bbox 585 901 715 983; x_wconf 78' lang='lat' dir='ltr'><strong>probant.</strong></span> <span class='ocrx_word' id='word_1_42' title='bbox 757 898 868 974; x_wconf 88' lang='lat' dir='ltr'><strong>Itaque,</strong></span> <span class='ocrx_word' id='word_1_43' title='bbox 884 899 909 955; x_wconf 94' lang='lat' dir='ltr'><strong>si</strong></span> 
     </span>
     <span class='ocr_line' id='line_1_8' title="bbox 118 996 909 1071; baseline 0.001 -20"><span class='ocrx_word' id='word_1_44' title='bbox 118 996 233 1070; x_wconf 89' lang='lat' dir='ltr'><strong>quando</strong></span> <span class='ocrx_word' id='word_1_45' title='bbox 245 996 359 1071; x_wconf 83' lang='lat' dir='ltr'><strong>aliquod</strong></span> <span class='ocrx_word' id='word_1_46' title='bbox 371 998 498 1054; x_wconf 89' lang='lat' dir='ltr'><strong>officium</strong></span> <span class='ocrx_word' id='word_1_47' title='bbox 509 998 616 1055; x_wconf 87' lang='lat' dir='ltr'><strong>exstitit</strong></span> <span class='ocrx_word' id='word_1_48' title='bbox 628 996 713 1053; x_wconf 90' lang='lat' dir='ltr'><strong>amici</strong></span> <span class='ocrx_word' id='word_1_49' title='bbox 728 996 757 1053; x_wconf 92' lang='lat' dir='ltr'><strong>in</strong></span> <span class='ocrx_word' id='word_1_50' title='bbox 772 996 909 1071; x_wconf 91' lang='lat' dir='ltr'><strong>periculis</strong></span> 
     </span>
     <span class='ocr_line' id='line_1_9' title="bbox 119 1091 908 1167; baseline -0.001 -18"><span class='ocrx_word' id='word_1_51' title='bbox 119 1104 168 1149; x_wconf 94' lang='lat' dir='ltr'><strong>aut</strong></span> <span class='ocrx_word' id='word_1_52' title='bbox 189 1093 329 1151; x_wconf 84' lang='lat' dir='ltr'><strong>adeundis</strong></span> <span class='ocrx_word' id='word_1_53' title='bbox 351 1105 399 1152; x_wconf 92' lang='lat' dir='ltr'><strong>aut</strong></span> <span class='ocrx_word' id='word_1_54' title='bbox 419 1094 679 1165; x_wconf 85' lang='lat' dir='ltr'><strong>communicandis,</strong></span> <span class='ocrx_word' id='word_1_55' title='bbox 702 1092 766 1167; x_wconf 91' lang='lat' dir='ltr'><strong>quis</strong></span> <span class='ocrx_word' id='word_1_56' title='bbox 787 1102 840 1163; x_wconf 89' lang='lat' dir='ltr'><strong>est,</strong></span> <span class='ocrx_word' id='word_1_57' title='bbox 859 1091 908 1167; x_wconf 91' lang='lat' dir='ltr'><strong>qui</strong></span> 
     </span>
     <span class='ocr_line' id='line_1_10' title="bbox 119 1187 909 1250; baseline -0.001 -5"><span class='ocrx_word' id='word_1_58' title='bbox 119 1187 148 1245; x_wconf 93' lang='lat' dir='ltr'><strong>id</strong></span> <span class='ocrx_word' id='word_1_59' title='bbox 163 1209 222 1246; x_wconf 91' lang='lat' dir='ltr'><strong>non</strong></span> <span class='ocrx_word' id='word_1_60' title='bbox 236 1190 368 1247; x_wconf 84' lang='lat' dir='ltr'><strong>maximis</strong></span> <span class='ocrx_word' id='word_1_61' title='bbox 382 1191 481 1247; x_wconf 88' lang='lat' dir='ltr'><strong>efferat</strong></span> <span class='ocrx_word' id='word_1_62' title='bbox 494 1191 649 1248; x_wconf 77' lang='lat' dir='ltr'><strong>laudibusl</strong></span> <span class='ocrx_word' id='word_1_63' title='bbox 689 1189 752 1250; x_wconf 77' lang='lat' dir='ltr'><strong>Qui</strong></span> <span class='ocrx_word' id='word_1_64' title='bbox 767 1189 909 1245; x_wconf 89' lang='lat' dir='ltr'><strong>clamores</strong></span> 
     </span>
    </p>

    <p class='ocr_par' dir='ltr' id='par_1_4' title="bbox 73 1283 909 1743">
     <span class='ocr_line' id='line_1_11' title="bbox 73 1283 907 1362; baseline -0.004 -19"><span class='ocrx_word' id='word_1_65' title='bbox 73 1286 104 1336; x_wconf 83' lang='lat'><strong>10</strong></span> <span class='ocrx_word' id='word_1_66' title='bbox 119 1287 180 1343; x_wconf 70' lang='lat' dir='ltr'><strong>tota</strong></span> <span class='ocrx_word' id='word_1_67' title='bbox 201 1287 289 1343; x_wconf 71' lang='lat' dir='ltr'><strong>cavea</strong></span> <span class='ocrx_word' id='word_1_68' title='bbox 315 1306 406 1362; x_wconf 89' lang='lat' dir='ltr'><strong>nuper</strong></span> <span class='ocrx_word' id='word_1_69' title='bbox 427 1287 457 1343; x_wconf 91' lang='lat' dir='ltr'><strong>in</strong></span> <span class='ocrx_word' id='word_1_70' title='bbox 478 1287 599 1362; x_wconf 94' lang='lat' dir='ltr'><strong>hospitis</strong></span> <span class='ocrx_word' id='word_1_71' title='bbox 619 1296 649 1343; x_wconf 91' lang='lat' dir='ltr'><strong>et</strong></span> <span class='ocrx_word' id='word_1_72' title='bbox 669 1284 755 1342; x_wconf 90' lang='lat' dir='ltr'><strong>amici</strong></span> <span class='ocrx_word' id='word_1_73' title='bbox 777 1284 842 1355; x_wconf 87' lang='lat' dir='ltr'><strong>mei,</strong></span> <span class='ocrx_word' id='word_1_74' title='bbox 865 1283 907 1341; x_wconf 92' lang='lat' dir='ltr'><strong>M.</strong></span> 
     </span>
     <span class='ocr_line' id='line_1_12' title="bbox 119 1381 908 1458; baseline -0.004 -19"><span class='ocrx_word' id='word_1_75' title='bbox 119 1381 248 1454; x_wconf 89' lang='lat' dir='ltr'><strong>Pacuvii,</strong></span> <span class='ocrx_word' id='word_1_76' title='bbox 263 1383 338 1439; x_wconf 72' lang='lat' dir='ltr'><strong>nova</strong></span> <span class='ocrx_word' id='word_1_77' title='bbox 353 1382 465 1452; x_wconf 76' lang='lat' dir='ltr'><strong>fabulr⁴23</strong></span> <span class='ocrx_word' id='word_1_78' title='bbox 488 1401 564 1454; x_wconf 89' lang='lat' dir='ltr'><strong>curn,</strong></span> <span class='ocrx_word' id='word_1_79' title='bbox 580 1382 731 1458; x_wconf 84' lang='lat' dir='ltr'><strong>ignorante</strong></span> <span class='ocrx_word' id='word_1_80' title='bbox 752 1399 830 1456; x_wconf 87' lang='lat' dir='ltr'><strong>rege,</strong></span> <span class='ocrx_word' id='word_1_81' title='bbox 844 1392 908 1437; x_wconf 90' lang='lat' dir='ltr'><strong>uter</strong></span> 
     </span>
     <span class='ocr_line' id='line_1_13' title="bbox 118 1477 909 1554; baseline -0.003 -20"><span class='ocrx_word' id='word_1_82' title='bbox 118 1496 219 1535; x_wconf 87' lang='lat' dir='ltr'><strong>eorum</strong></span> <span class='ocrx_word' id='word_1_83' title='bbox 243 1489 319 1535; x_wconf 88' lang='lat' dir='ltr'><strong>esset</strong></span> <span class='ocrx_word' id='word_1_84' title='bbox 342 1477 470 1548; x_wconf 88' lang='lat' dir='ltr'><strong>Orestes,</strong></span> <span class='ocrx_word' id='word_1_85' title='bbox 493 1479 615 1554; x_wconf 88' lang='lat' dir='ltr'><strong>Pylades</strong></span> <span class='ocrx_word' id='word_1_86' title='bbox 635 1477 770 1535; x_wconf 83' lang='lat' dir='ltr'><strong>Orestem</strong></span> <span class='ocrx_word' id='word_1_87' title='bbox 790 1495 821 1532; x_wconf 92' lang='lat' dir='ltr'><strong>se</strong></span> <span class='ocrx_word' id='word_1_88' title='bbox 844 1495 909 1533; x_wconf 88' lang='lat' dir='ltr'><strong>esse</strong></span> 
     </span>
     <span class='ocr_line' id='line_1_14' title="bbox 119 1557 909 1647; baseline 0 -19"><span class='ocrx_word' id='word_1_89' title='bbox 119 1557 238 1643; x_wconf 86' lang='lat' dir='ltr'><strong>diceret,</strong></span> <span class='ocrx_word' id='word_1_90' title='bbox 254 1583 285 1630; x_wconf 92' lang='lat' dir='ltr'><strong>ut</strong></span> <span class='ocrx_word' id='word_1_91' title='bbox 297 1592 350 1647; x_wconf 93' lang='lat' dir='ltr'><strong>pro</strong></span> <span class='ocrx_word' id='word_1_92' title='bbox 364 1573 413 1629; x_wconf 90' lang='lat' dir='ltr'><strong>illo</strong></span> <span class='ocrx_word' id='word_1_93' title='bbox 426 1583 595 1643; x_wconf 88' lang='lat' dir='ltr'><strong>necaretur;</strong></span> <span class='ocrx_word' id='word_1_94' title='bbox 616 1572 736 1630; x_wconf 88' lang='lat' dir='ltr'><strong>Orestes</strong></span> <span class='ocrx_word' id='word_1_95' title='bbox 751 1582 855 1643; x_wconf 88' lang='lat' dir='ltr'><strong>autem,</strong></span> <span class='ocrx_word' id='word_1_96' title='bbox 868 1572 909 1629; x_wconf 88' lang='lat' dir='ltr'><strong>ita</strong></span> 
     </span>
     <span class='ocr_line' id='line_1_15' title="bbox 119 1667 908 1743; baseline 0 -19"><span class='ocrx_word' id='word_1_97' title='bbox 119 1677 235 1737; x_wconf 78' lang='lat' dir='ltr'><strong>morat,</strong></span> <span class='ocrx_word' id='word_1_98' title='bbox 250 1667 382 1724; x_wconf 88' lang='lat' dir='ltr'><strong>Orestem</strong></span> <span class='ocrx_word' id='word_1_99' title='bbox 405 1687 435 1724; x_wconf 89' lang='lat' dir='ltr'><strong>se</strong></span> <span class='ocrx_word' id='word_1_100' title='bbox 456 1687 518 1724; x_wconf 88' lang='lat' dir='ltr'><strong>esse</strong></span> <span class='ocrx_word' id='word_1_101' title='bbox 535 1670 749 1743; x_wconf 88' lang='lat' dir='ltr'><strong>perseveraret!</strong></span> <span class='ocrx_word' id='word_1_102' title='bbox 792 1670 908 1724; x_wconf 88' lang='lat' dir='ltr'><strong>Stantes</strong></span> 
     </span>
    </p>

    <p class='ocr_par' dir='ltr' id='par_1_5' title="bbox 73 1762 909 2126">
     <span class='ocr_line' id='line_1_16' title="bbox 73 1762 908 1838; baseline 0.004 -22"><span class='ocrx_word' id='word_1_103' title='bbox 73 1767 104 1816; x_wconf 85' lang='lat'><strong>15</strong></span> <span class='ocrx_word' id='word_1_104' title='bbox 119 1762 294 1838; x_wconf 89' lang='lat' dir='ltr'><strong>plaudebant</strong></span> <span class='ocrx_word' id='word_1_105' title='bbox 315 1763 345 1818; x_wconf 91' lang='lat' dir='ltr'><strong>in</strong></span> <span class='ocrx_word' id='word_1_106' title='bbox 365 1781 396 1818; x_wconf 92' lang='lat' dir='ltr'><strong>re</strong></span> <span class='ocrx_word' id='word_1_107' title='bbox 417 1763 504 1819; x_wconf 72' lang='lat' dir='ltr'><strong>ficta:</strong></span> <span class='ocrx_word' id='word_1_108' title='bbox 527 1764 594 1836; x_wconf 93' lang='lat' dir='ltr'><strong>quid</strong></span> <span class='ocrx_word' id='word_1_109' title='bbox 611 1765 781 1821; x_wconf 89' lang='lat' dir='ltr'><strong>arbitramur</strong></span> <span class='ocrx_word' id='word_1_110' title='bbox 797 1764 826 1819; x_wconf 93' lang='lat' dir='ltr'><strong>in</strong></span> <span class='ocrx_word' id='word_1_111' title='bbox 842 1763 908 1819; x_wconf 68' lang='lat' dir='ltr'><strong>vera</strong></span> 
     </span>
     <span class='ocr_line' id='line_1_17' title="bbox 120 1859 909 1934; baseline 0.001 -19"><span class='ocrx_word' id='word_1_112' title='bbox 120 1859 207 1916; x_wconf 86' lang='lat' dir='ltr'><strong>fuisse</strong></span> <span class='ocrx_word' id='word_1_113' title='bbox 232 1859 377 1916; x_wconf 83' lang='lat' dir='ltr'><strong>facturosl</strong></span> <span class='ocrx_word' id='word_1_114' title='bbox 425 1859 525 1915; x_wconf 85' lang='lat' dir='ltr'><strong>Facile</strong></span> <span class='ocrx_word' id='word_1_115' title='bbox 550 1860 697 1917; x_wconf 89' lang='lat' dir='ltr'><strong>indicabat</strong></span> <span class='ocrx_word' id='word_1_116' title='bbox 721 1861 783 1934; x_wconf 91' lang='lat' dir='ltr'><strong>ipsa</strong></span> <span class='ocrx_word' id='word_1_117' title='bbox 806 1870 909 1916; x_wconf 90' lang='lat' dir='ltr'><strong>natura</strong></span> 
     </span>
     <span class='ocr_line' id='line_1_18' title="bbox 119 1955 908 2030; baseline -0.001 -18"><span class='ocrx_word' id='word_1_118' title='bbox 119 1955 288 2026; x_wconf 74' lang='lat' dir='ltr'><strong>simmam,</strong></span> <span class='ocrx_word' id='word_1_119' title='bbox 310 1974 376 2012; x_wconf 92' lang='lat' dir='ltr'><strong>cum</strong></span> <span class='ocrx_word' id='word_1_120' title='bbox 398 1955 538 2025; x_wconf 88' lang='lat' dir='ltr'><strong>homines,</strong></span> <span class='ocrx_word' id='word_1_121' title='bbox 561 1956 637 2028; x_wconf 93' lang='lat' dir='ltr'><strong>quod</strong></span> <span class='ocrx_word' id='word_1_122' title='bbox 659 1957 753 2012; x_wconf 87' lang='lat' dir='ltr'><strong>facere</strong></span> <span class='ocrx_word' id='word_1_123' title='bbox 775 1955 828 2030; x_wconf 91' lang='lat' dir='ltr'><strong>ipsi</strong></span> <span class='ocrx_word' id='word_1_124' title='bbox 849 1974 908 2012; x_wconf 91' lang='lat' dir='ltr'><strong>non</strong></span> 
     </span>
     <span class='ocr_line' id='line_1_19' title="bbox 119 2049 790 2126; baseline 0 -20"><span class='ocrx_word' id='word_1_125' title='bbox 119 2060 244 2126; x_wconf 87' lang='lat' dir='ltr'><strong>possent,</strong></span> <span class='ocrx_word' id='word_1_126' title='bbox 260 2050 289 2106; x_wconf 94' lang='lat' dir='ltr'><strong>id</strong></span> <span class='ocrx_word' id='word_1_127' title='bbox 303 2060 381 2107; x_wconf 90' lang='lat' dir='ltr'><strong>recte</strong></span> <span class='ocrx_word' id='word_1_128' title='bbox 396 2050 456 2107; x_wconf 88' lang='lat' dir='ltr'><strong>fieri</strong></span> <span class='ocrx_word' id='word_1_129' title='bbox 473 2050 501 2106; x_wconf 90' lang='lat' dir='ltr'><strong>in</strong></span> <span class='ocrx_word' id='word_1_130' title='bbox 518 2049 607 2106; x_wconf 89' lang='lat' dir='ltr'><strong>altero</strong></span> <span class='ocrx_word' id='word_1_131' title='bbox 618 2050 790 2124; x_wconf 87' lang='lat' dir='ltr'><strong>judicarent.</strong></span> 
     </span>
    </p>

    <p class='ocr_par' dir='ltr' id='par_1_6' title="bbox 160 2146 910 2220">
     <span class='ocr_line' id='line_1_20' title="bbox 160 2146 910 2220; baseline -0.001 -16"><span class='ocrx_word' id='word_1_132' title='bbox 160 2147 311 2204; x_wconf 89' lang='lat' dir='ltr'><strong>Hactenus</strong></span> <span class='ocrx_word' id='word_1_133' title='bbox 332 2147 402 2203; x_wconf 89' lang='lat' dir='ltr'><strong>mihi</strong></span> <span class='ocrx_word' id='word_1_134' title='bbox 419 2147 526 2217; x_wconf 89' lang='lat' dir='ltr'><strong>videor,</strong></span> <span class='ocrx_word' id='word_1_135' title='bbox 543 2147 721 2202; x_wconf 75' lang='lat' dir='ltr'><strong>deamicitia</strong></span> <span class='ocrx_word' id='word_1_136' title='bbox 738 2146 805 2220; x_wconf 91' lang='lat' dir='ltr'><strong>quid</strong></span> <span class='ocrx_word' id='word_1_137' title='bbox 824 2147 910 2203; x_wconf 90' lang='lat' dir='ltr'><strong>senti·</strong></span> 
     </span>
    </p>

    <p class='ocr_par' dir='ltr' id='par_1_7' title="bbox 73 2242 911 2510">
     <span class='ocr_line' id='line_1_21' title="bbox 73 2242 910 2318; baseline 0.002 -21"><span class='ocrx_word' id='word_1_138' title='bbox 73 2247 105 2297; x_wconf 73' lang='lat'><strong>20</strong></span> <span class='ocrx_word' id='word_1_139' title='bbox 120 2263 191 2314; x_wconf 89' lang='lat' dir='ltr'><strong>rcrn,</strong></span> <span class='ocrx_word' id='word_1_140' title='bbox 202 2243 329 2318; x_wconf 89' lang='lat' dir='ltr'><strong>potuisse</strong></span> <span class='ocrx_word' id='word_1_141' title='bbox 340 2243 445 2300; x_wconf 90' lang='lat' dir='ltr'><strong>dicere.</strong></span> <span class='ocrx_word' id='word_1_142' title='bbox 481 2242 571 2316; x_wconf 87' lang='lat' dir='ltr'><strong>Siqua</strong></span> <span class='ocrx_word' id='word_1_143' title='bbox 580 2252 718 2316; x_wconf 76' lang='lat' dir='ltr'><strong>praeterea</strong></span> <span class='ocrx_word' id='word_1_144' title='bbox 730 2253 796 2298; x_wconf 92' lang='lat' dir='ltr'><strong>sunt</strong></span> <span class='ocrx_word' id='word_1_145' title='bbox 809 2242 910 2318; x_wconf 89' lang='lat' dir='ltr'><strong>(credo</strong></span> 
     </span>
     <span class='ocr_line' id='line_1_22' title="bbox 122 2338 911 2418; baseline -0.003 -22"><span class='ocrx_word' id='word_1_146' title='bbox 122 2350 217 2396; x_wconf 89' lang='lat' dir='ltr'><strong>autem</strong></span> <span class='ocrx_word' id='word_1_147' title='bbox 238 2358 300 2396; x_wconf 90' lang='lat' dir='ltr'><strong>esse</strong></span> <span class='ocrx_word' id='word_1_148' title='bbox 322 2339 435 2418; x_wconf 92' lang='lat' dir='ltr'><strong>multa),</strong></span> <span class='ocrx_word' id='word_1_149' title='bbox 454 2339 489 2395; x_wconf 91' lang='lat' dir='ltr'><strong>ab</strong></span> <span class='ocrx_word' id='word_1_150' title='bbox 509 2338 553 2408; x_wconf 92' lang='lat' dir='ltr'><strong>iis,</strong></span> <span class='ocrx_word' id='word_1_151' title='bbox 573 2339 596 2393; x_wconf 91' lang='lat' dir='ltr'><strong>si</strong></span> <span class='ocrx_word' id='word_1_152' title='bbox 616 2339 768 2408; x_wconf 91' lang='lat' dir='ltr'><strong>videbitur,</strong></span> <span class='ocrx_word' id='word_1_153' title='bbox 786 2339 833 2413; x_wconf 92' lang='lat' dir='ltr'><strong>qui</strong></span> <span class='ocrx_word' id='word_1_154' title='bbox 855 2339 911 2395; x_wconf 91' lang='lat' dir='ltr'><strong>ista</strong></span> 
     </span>
     <span class='ocr_line' id='line_1_23' title="bbox 121 2435 450 2510; baseline 0.003 -19"><span class='ocrx_word' id='word_1_155' title='bbox 121 2435 277 2510; x_wconf 88' lang='lat' dir='ltr'><strong>disputant,</strong></span> <span class='ocrx_word' id='word_1_156' title='bbox 293 2435 450 2509; x_wconf 82' lang='lat' dir='ltr'><strong>quaeritote.</strong></span> 
     </span>
    </p>

    <p class='ocr_par' dir='ltr' id='par_1_8' title="bbox 122 2529 939 2701">
     <span class='ocr_line' id='line_1_24' title="bbox 160 2529 909 2604; baseline -0.001 -16"><span class='ocrx_word' id='word_1_157' title='bbox 160 2532 301 2588; x_wconf 81' lang='lat' dir='ltr'><strong>Fannius.</strong></span> <span class='ocrx_word' id='word_1_158' title='bbox 343 2530 407 2586; x_wconf 92' lang='lat' dir='ltr'><strong>Nos</strong></span> <span class='ocrx_word' id='word_1_159' title='bbox 425 2541 519 2586; x_wconf 90' lang='lat' dir='ltr'><strong>autem</strong></span> <span class='ocrx_word' id='word_1_160' title='bbox 536 2540 593 2586; x_wconf 89' lang='lat' dir='ltr'><strong>ate</strong></span> <span class='ocrx_word' id='word_1_161' title='bbox 609 2529 722 2604; x_wconf 90' lang='lat' dir='ltr'><strong>potius;</strong></span> <span class='ocrx_word' id='word_1_162' title='bbox 744 2549 909 2604; x_wconf 89' lang='lat' dir='ltr'><strong>quanquam</strong></span> 
     </span>
     <span class='ocr_line' id='line_1_25' title="bbox 122 2615 939 2701; baseline -0.002 -18"><span class='ocrx_word' id='word_1_163' title='bbox 122 2627 208 2683; x_wconf 89' lang='lat' dir='ltr'><strong>etiam</strong></span> <span class='ocrx_word' id='word_1_164' title='bbox 223 2628 258 2683; x_wconf 89' lang='lat' dir='ltr'><strong>ab</strong></span> <span class='ocrx_word' id='word_1_165' title='bbox 273 2627 334 2682; x_wconf 89' lang='lat' dir='ltr'><strong>istis</strong></span> <span class='ocrx_word' id='word_1_166' title='bbox 345 2644 420 2701; x_wconf 88' lang='lat' dir='ltr'><strong>saepe</strong></span> <span class='ocrx_word' id='word_1_167' title='bbox 431 2626 557 2700; x_wconf 85' lang='lat' dir='ltr'><strong>quaesivi,</strong></span> <span class='ocrx_word' id='word_1_168' title='bbox 569 2636 597 2681; x_wconf 89' lang='lat' dir='ltr'><strong>et</strong></span> <span class='ocrx_word' id='word_1_169' title='bbox 613 2626 718 2696; x_wconf 89' lang='lat' dir='ltr'><strong>audivi,</strong></span> <span class='ocrx_word' id='word_1_170' title='bbox 731 2645 788 2682; x_wconf 92' lang='lat' dir='ltr'><strong>non</strong></span> <span class='ocrx_word' id='word_1_171' title='bbox 805 2626 910 2682; x_wconf 89' lang='lat' dir='ltr'><strong>invitus</strong></span> <span class='ocrx_word' id='word_1_172' title='bbox 930 2615 939 2635; x_wconf 84' lang='lat'><em>⁰</em></span> 
     </span>
    </p>

    <p class='ocr_par' dir='ltr' id='par_1_9' title="bbox 74 2722 909 2876">
     <span class='ocr_line' id='line_1_26' title="bbox 74 2722 909 2799; baseline -0.005 -18"><span class='ocrx_word' id='word_1_173' title='bbox 74 2732 106 2780; x_wconf 66' lang='lat'><strong>25</strong></span> <span class='ocrx_word' id='word_1_174' title='bbox 122 2724 276 2799; x_wconf 84' lang='lat' dir='ltr'><strong>equidem:</strong></span> <span class='ocrx_word' id='word_1_175' title='bbox 301 2723 351 2778; x_wconf 89' lang='lat' dir='ltr'><strong>sed</strong></span> <span class='ocrx_word' id='word_1_176' title='bbox 376 2722 453 2779; x_wconf 85' lang='lat' dir='ltr'><strong>aliud</strong></span> <span class='ocrx_word' id='word_1_177' title='bbox 477 2722 620 2796; x_wconf 88' lang='lat' dir='ltr'><strong>quoddam</strong></span> <span class='ocrx_word' id='word_1_178' title='bbox 645 2723 806 2796; x_wconf 87' lang='lat' dir='ltr'><strong>expetimus</strong></span> <span class='ocrx_word' id='word_1_179' title='bbox 830 2722 909 2778; x_wconf 86' lang='lat' dir='ltr'><strong>filum</strong></span> 
     </span>
     <span class='ocr_line' id='line_1_27' title="bbox 121 2820 338 2876; baseline -0.005 -1"><span class='ocrx_word' id='word_1_180' title='bbox 121 2820 259 2876; x_wconf 88' lang='lat' dir='ltr'><strong>orationis</strong></span> <span class='ocrx_word' id='word_1_181' title='bbox 273 2829 338 2875; x_wconf 86' lang='lat' dir='ltr'><strong>tuae.</strong></span> 
     </span>
    </p>

    <p class='ocr_par' dir='ltr' id='par_1_10' title="bbox 158 2911 909 2988">
     <span class='ocr_line' id='line_1_28' title="bbox 158 2911 909 2988; baseline -0.004 -18"><span class='ocrx_word' id='word_1_182' title='bbox 158 2913 295 2972; x_wconf 64' lang='lat' dir='ltr'><strong>scevola</strong></span> <span class='ocrx_word' id='word_1_183' title='bbox 337 2913 415 2970; x_wconf 91' lang='lat' dir='ltr'><strong>Tum</strong></span> <span class='ocrx_word' id='word_1_184' title='bbox 441 2914 531 2988; x_wconf 84' lang='lat' dir='ltr'><strong>magis</strong></span> <span class='ocrx_word' id='word_1_185' title='bbox 559 2913 587 2968; x_wconf 94' lang='lat' dir='ltr'><strong>id</strong></span> <span class='ocrx_word' id='word_1_186' title='bbox 612 2912 734 2982; x_wconf 88' lang='lat' dir='ltr'><strong>diceres,</strong></span> <span class='ocrx_word' id='word_1_187' title='bbox 760 2911 863 2981; x_wconf 84' lang='lat' dir='ltr'><strong>Fanni,</strong></span> <span class='ocrx_word' id='word_1_188' title='bbox 884 2913 909 2968; x_wconf 93' lang='lat' dir='ltr'><strong>si</strong></span> 
     </span>
    </p>
   </div>
   <div class='ocr_carea' id='block_1_3' title="bbox 107 3008 910 3091">
    <p class='ocr_par' dir='ltr' id='par_1_11' title="bbox 107 3008 910 3091">
     <span class='ocr_line' id='line_1_29' title="bbox 107 3008 910 3091; baseline -0.004 -21"><span class='ocrx_word' id='word_1_189' title='bbox 107 3028 208 3090; x_wconf 88' lang='lat' dir='ltr'><strong>nuper</strong></span> <span class='ocrx_word' id='word_1_190' title='bbox 230 3014 260 3075; x_wconf 92' lang='lat' dir='ltr'><strong>in</strong></span> <span class='ocrx_word' id='word_1_191' title='bbox 284 3013 377 3076; x_wconf 82' lang='lat' dir='ltr'><strong>hortis</strong></span> <span class='ocrx_word' id='word_1_192' title='bbox 398 3011 558 3091; x_wconf 74' lang='lat' dir='ltr'><strong>Scipionis,</strong></span> <span class='ocrx_word' id='word_1_193' title='bbox 574 3028 643 3068; x_wconf 85' lang='lat' dir='ltr'><strong>eum</strong></span> <span class='ocrx_word' id='word_1_194' title='bbox 653 3010 746 3066; x_wconf 79' lang='lat' dir='ltr'><strong>estde</strong></span> <span class='ocrx_word' id='word_1_195' title='bbox 761 3008 910 3083; x_wconf 70' lang='lat' dir='ltr'><strong>republica</strong></span> 
     </span>
    </p>
   </div>
   <div class='ocr_carea' id='block_1_4' title="bbox 0 0 959 3750">
    <p class='ocr_par' dir='ltr' id='par_1_12' title="bbox 0 0 959 3750">
     <span class='ocr_line' id='line_1_30' title="bbox 0 0 959 3750; baseline 0 0"><span class='ocrx_word' id='word_1_196' title='bbox 0 0 959 3750; x_wconf 95' lang='lat' dir='ltr'><strong> </strong></span> 
     </span>
    </p>
   </div>
  </div>
 </body>
</html>
