1904 3750
230 269 367 327 nntius,
389 268 463 315 srva
484 268 529 333 mr
543 267 699 315 mucram
864 261 902 320 st

73 419 177 476 virtute
199 419 329 493 praedito,
352 438 397 490 eo,
419 419 467 494 qui
488 418 531 476 vel
557 437 662 491 amare,
684 419 728 475 vel
753 418 799 495 (ut
819 419 860 477 ita

73 515 182 594 dicam)
197 517 345 573 redamare
368 516 467 590 possit,
488 534 547 573 non
568 516 721 573 admodum
736 515 859 573 delecta-

72 611 116 668 ril
156 611 238 669 Nihil
249 623 293 668 est
306 613 384 669 enim
396 612 627 671 remuneratione
639 613 856 684 benevolentiae,

71 707 143 765 nihil
164 707 362 766 vicissitudine
384 708 543 765 studiorum
569 709 794 783 officiorumque,
812 709 857 785 ju·

72 804 203 861 condius.
298 839 301 845 ·
871 823 887 872 5

109 900 200 961 Quod
214 901 239 957 ri
253 900 340 957 etiarn
355 899 425 956 illud
441 900 580 972 addimus,
602 902 679 974 quod
693 912 772 959 recte
787 901 853 958 addi

70 1005 174 1070 potest,
188 996 261 1053 nihil
276 1014 349 1065 esse,
360 996 436 1071 quod
452 996 487 1052 ad
499 1015 530 1052 se
544 1015 605 1052 rem
620 997 707 1053 ullam
722 1008 780 1054 tam
796 998 856 1055 alli·

71 1091 129 1148 ciat
143 1101 172 1148 et
186 1103 243 1149 tam
260 1092 392 1162 attrabat,
407 1092 538 1167 quemad
554 1092 709 1150 amicitiam
723 1094 855 1151 similitu·

69 1186 107 1242 do
118 1207 125 1257 ;
148 1187 321 1244 concedetur
341 1187 480 1262 profecto,
504 1207 600 1245 rerum
615 1207 687 1261 esse,
709 1199 742 1246 ut
763 1191 856 1246 bonos

68 1283 138 1339 boni
153 1283 284 1360 diligant,
307 1283 527 1358 adsciscantque
548 1284 613 1356 sibi,
636 1285 717 1359 quasi
740 1285 855 1360 propin·
871 1303 901 1352 10

68 1379 177 1453 quitata
191 1379 363 1454 conjunctos
375 1389 458 1454 atque
472 1380 584 1438 naturd.
624 1380 706 1437 Nihil
721 1390 765 1438 est
775 1380 853 1438 enim

69 1476 249 1550 appetentius
269 1476 405 1533 similium
432 1476 487 1548 sui,
511 1476 583 1534 nihil
603 1477 746 1552 rapacius,
768 1496 853 1551 quam

67 1580 179 1628 natura.
232 1571 431 1632 Quamobrem
465 1571 522 1628 hoc
551 1572 677 1647 quidem,
702 1571 797 1629 Fanni
824 1581 853 1629 et

68 1666 207 1738 Scaevola,
222 1676 345 1738 constat,
362 1666 407 1744 (ut
421 1667 536 1748 opinor)
562 1668 646 1726 bonis
666 1669 740 1726 inter
760 1670 853 1727 bonos

68 1760 149 1835 quasi
172 1762 365 1820 necessariam
390 1764 618 1821 benevolentiam
632 1783 696 1822 esse
707 1785 716 1835 ς
736 1765 787 1840 qui
810 1766 853 1822 est
869 1773 900 1821 15

68 1856 202 1914 amicitiae
217 1857 282 1914 sons
296 1876 313 1915 a
326 1858 429 1915 natural
449 1860 631 1918 constitutus.
673 1860 732 1917 Sed
751 1861 853 1918 eadem

66 1952 183 2010 bonitas
202 1953 290 2010 etiarn
314 1954 350 2011 ad
372 1954 586 2013 multitudinem
609 1956 742 2030 pertinet.
783 1955 853 2013 Non

66 2058 111 2105 est
124 2048 201 2105 enim
216 2048 373 2106 inhumana
387 2049 484 2121 virtus,
499 2069 592 2126 neque
603 2051 746 2122 immanis,
760 2069 853 2126 neque

67 2146 208 2219 superba3
238 2164 301 2220 quae
327 2146 415 2202 etiam
441 2147 563 2221 populos
590 2146 739 2203 universos
766 2146 852 2217 tueri,

67 2241 166 2314 eisque
180 2241 288 2316 optime
303 2241 465 2313 consulere,
480 2242 590 2299 soleat:
611 2241 688 2316 quod
702 2260 762 2299 non
776 2241 853 2298 sace·
868 2249 900 2298 20

66 2347 110 2393 ret
124 2337 265 2411 profecto,
278 2338 302 2394 si
318 2337 464 2394 ecaritate
478 2338 555 2415 vulgi
571 2338 745 2395 abhorreret.

106 2432 205 2506 Atque
219 2433 305 2490 etiam
320 2433 391 2490 mihi
405 2433 521 2507 quidem
536 2434 678 2506 videntur,
690 2433 738 2509 qui
748 2433 855 2491 utilita-

67 2527 105 2585 tis
116 2529 204 2585 causd
215 2529 327 2605 fingunt
338 2529 489 2601 amicitias,
502 2530 736 2588 amabilissimum
746 2530 855 2589 nodum

69 2623 203 2680 amicitiae
219 2624 327 2683 tollere.
368 2623 439 2681 Non
461 2626 539 2683 enim
561 2636 620 2683 tum
643 2626 752 2683 utilitas
774 2635 856 2702 parta

67 2738 119 2795 per
134 2719 269 2792 amicum,
291 2739 376 2794 quam
402 2720 488 2778 amici
511 2740 590 2778 amor
614 2721 685 2797 ipse,
710 2722 854 2779 delectat:
871 2731 903 2781 25

68 2826 186 2890 tumque
200 2816 272 2873 illud
287 2817 329 2886 fit,
344 2815 422 2889 quod
443 2818 479 2873 ab
500 2818 595 2875 amico
617 2828 662 2876 est
681 2818 855 2896 profectum,

66 2911 238 2986 jucundum,
266 2911 291 2967 si
315 2929 382 2968 curn
409 2912 505 2970 studio
529 2924 572 2970 est
595 2914 775 2989 proiectum:
796 2923 857 2972 tan·

70 3016 188 3082 tumque
211 3009 304 3080 abest,
327 3015 359 3066 ut
380 3006 519 3070 amicitie
537 3020 660 3090 propter
670 3007 886 3086 indigentum
