1904 3750
81 610 142 685 Ἰ21)
170 632 176 648 ·
331 598 334 607 “
357 652 360 658 ,
446 617 490 668 ns
509 618 655 668 omrous.
833 650 838 660 .
866 617 905 680 [u.

148 769 255 844 ficatio,
269 771 379 829 nemini
402 790 521 846 nocens,
536 773 740 849 vituperanda:
761 773 812 831 sed
826 773 909 851 iirgier

55 884 59 897 ¹
149 868 185 925 da
199 887 311 944 semper
324 869 431 945 injuria
443 880 494 928 est.

187 963 315 1022 Maxime
339 976 432 1023 autem
457 966 639 1024 adducuntur
665 967 803 1044 plerique,
829 977 860 1026 ut
886 987 910 1025 ev

37 1130 41 1137 Ι
144 1059 263 1137 justitiae
283 1062 379 1137 capiat
399 1062 515 1134 oblivio,
536 1081 603 1120 cum
623 1063 653 1121 in
674 1064 869 1139 imperiorum,
888 1065 911 1121 lu

115 1171 261 1229 suorum,
290 1158 398 1235 gloriae,
424 1159 612 1234 cupiditatem
640 1159 805 1218 inciderint.
845 1161 911 1224 Quo

148 1253 224 1311 euim
240 1264 283 1310 est
298 1255 373 1330 apud
388 1254 527 1328 Ennium,

111 1437 114 1442 Ι
225 1366 327 1415 “Nulla
338 1373 424 1416 sancta
435 1367 549 1429 societas,
559 1383 608 1416 nec
619 1368 689 1431 fides,
700 1370 771 1435 regni
782 1370 847 1433 est,''
899 1438 901 1442 y

147 1463 177 1521 id
197 1465 283 1523 letius
303 1477 400 1542 patet:
426 1486 503 1539 nam,
518 1467 657 1543 quidquid
677 1469 818 1545 ejusmodi
839 1479 891 1543 est,
907 1470 913 1527 i

147 1580 205 1636 quo
225 1582 284 1620 non
304 1564 414 1639 possint
432 1564 529 1640 plnres
550 1565 702 1637 excellere,
722 1566 751 1623 iu
772 1586 807 1624 eo
827 1567 859 1624 fit
878 1567 914 1642 plv

42 1710 44 1720 .
101 1667 132 1716 10
147 1679 268 1735 rumque
282 1671 362 1718 tanta
373 1661 531 1732 contentio,
544 1671 575 1717 ut
589 1661 790 1720 difficillimum
804 1663 841 1720 sit
855 1683 915 1720 sam

147 1766 206 1814 tam
233 1775 346 1814 servare
380 1757 556 1814 societatem.
598 1757 764 1817 Declaravit
793 1759 822 1815 id
849 1760 915 1816 mod

147 1853 293 1910 temeritas
308 1853 341 1910 Ο.
352 1853 486 1924 Caesaris,
498 1853 547 1928 qni
558 1854 656 1912 omnia
666 1855 732 1931 jura
742 1855 838 1912 diviua
852 1865 916 1931 atqu

147 1948 273 2005 humana
292 1950 437 2024 pervertit,
458 1961 574 2025 propter
595 1970 672 2022 euru,
694 1971 778 2027 quem
799 1953 853 2009 sibi
875 1953 917 2028 ips

147 2044 293 2119 opinionis
314 2063 410 2102 errore
431 2046 561 2117 finxerat,
575 2047 777 2122 principatum.
819 2047 872 2104 Est
889 2068 918 2105 au

101 2153 132 2202 15
147 2151 205 2197 tem
227 2141 256 2197 iu
278 2141 334 2197 hoc
355 2160 461 2218 genere
481 2143 642 2214 molestum,
658 2144 744 2218 quod,
761 2144 789 2201 iu
805 2144 918 2202 maximi

148 2238 260 2310 animis,
285 2238 580 2314 splendidissimisque
605 2240 740 2316 ingeniiS,
767 2241 917 2316 plerumqu

146 2335 289 2391 exsistunt
304 2336 431 2406 honoris,
446 2335 568 2410 imperii,
583 2338 730 2411 potentiae,
744 2337 842 2414 gloriae
858 2338 920 2415 cupi

147 2431 268 2488 ditatas:
291 2451 346 2506 quo
361 2432 452 2508 magis
473 2432 633 2490 cavendum
654 2444 707 2505 est,
722 2453 759 2490 ue
774 2435 842 2509 quid
857 2435 886 2492 iu
901 2456 921 2494 e<

147 2547 253 2604 genere
267 2537 413 2603 peccetur.

100 2632 132 2682 20
188 2625 246 2682 Sed
274 2626 303 2682 in
332 2625 411 2683 omni
439 2625 579 2701 injustitie
605 2626 778 2701 permultum
807 2627 923 2684 interest

147 2732 243 2779 utrum
263 2723 480 2798 perturbatione
503 2723 599 2797 aliqui
620 2723 707 2779 animi
724 2721 800 2799 (quae
813 2724 923 2797 plerum

147 2839 203 2895 que
225 2820 318 2877 brevis
340 2829 393 2890 est,
415 2830 444 2877 et
467 2820 501 2876 ad
524 2822 661 2899 tempus),
688 2839 723 2877 un
749 2821 882 2876 consulto
906 2838 923 2877 e

148 2917 284 2992 cogitata,
307 2917 356 2973 fiat
378 2916 489 2991 injurie.
532 2916 653 2973 Leviora
674 2917 750 2974 enim
772 2927 847 2987 suut,
871 2936 925 2991 qua

110 3080 113 3086 ‚
147 3012 298 3086 repentino
320 3012 414 3088 aliquo
436 3022 514 3070 motu
538 3012 683 3084 accidunt,
704 3031 789 3087 quam
810 3031 854 3083 ea,
872 3032 926 3087 que

100 3121 133 3171 25
147 3109 285 3166 meditata
305 3119 334 3165 et
353 3120 510 3184 praeparata
531 3108 698 3167 inferuntur.
741 3109 788 3165 Ac
808 3108 845 3166 de
866 3109 927 3166 infe

147 3204 237 3263 rendi
251 3205 365 3281 quidem
380 3205 484 3282 injurii
499 3206 567 3263 satis
582 3205 691 3263 dictum
706 3215 757 3263 est.

20 3339 46 3429 l'

168 3393 228 3453 IX.
249 3395 518 3461 Proetermittendae
540 3406 638 3460 sutem
656 3397 930 3477 ostensionique
