1904 3750
59 236 133 295 aa]
360 232 402 278 ou
421 233 567 281 oremus.
862 219 902 277 ω

61 392 165 439 nostra
185 391 290 437 nostra
311 389 422 437 naturae
441 380 542 457 regula
561 380 729 440 metiamur:
763 400 856 458 neque

63 479 143 534 enirn
166 477 268 534 attinet
294 495 456 552 repugnare
485 488 603 549 naturae,
624 479 855 554 necquicquam

64 573 157 649 sequi,
179 573 256 647 quod
282 572 396 647 assequi
423 592 554 648 nequeas.
597 573 643 633 Ex
675 594 731 649 quo
763 576 856 653 magis

65 669 198 745 emergit,
213 669 298 744 quale
313 668 352 725 sit
365 668 501 727 decorum
516 670 596 741 illud,
612 669 688 742 ideo,
703 672 770 745 quia
782 672 854 729 nihil

67 765 151 822 decet
173 765 262 821 inrita
284 763 332 840 (ut
353 763 444 843 siunt)
464 764 612 836 Minerva,
634 765 737 839 idest,
759 768 885 826 adver-5

67 872 148 918 sante
162 871 193 917 et
206 870 387 936 repugnante
401 861 510 918 naturai.

106 956 238 1014 Omnino
258 956 283 1012 si
305 955 458 1030 quicquam
478 966 521 1015 est
548 957 694 1029 decorum,
714 959 786 1016 nihil
811 969 855 1016 est

67 1053 199 1128 profecto
213 1052 316 1128 magis,
332 1070 417 1126 quam
431 1053 607 1127 aequabilitas
627 1054 765 1111 universae
779 1055 854 1127 vitae,

69 1159 127 1206 tum
140 1148 320 1224 singularum
333 1148 494 1219 actionum3
515 1168 600 1224 quam
616 1167 785 1206 conservare
799 1169 856 1207 non

68 1245 171 1320 possis,
182 1245 218 1315 si,
230 1244 351 1301 aliorum
362 1253 491 1301 naturam
502 1245 628 1316 imitans,
640 1245 754 1302 omittas
767 1255 854 1302 tuam.
871 1249 902 1299 10

69 1340 107 1398 Ut
127 1341 205 1397 enim
227 1358 361 1396 sermone
381 1359 416 1396 eo
436 1341 573 1399 debemus
587 1341 639 1412 uti,
654 1341 702 1416 qui
717 1353 800 1399 notus
814 1352 858 1399 est

69 1437 163 1507 nobis,
178 1456 225 1509 ne,
245 1446 277 1493 ut
297 1435 423 1511 quidam,
438 1437 541 1495 Graeea
562 1438 647 1495 verbs
667 1438 856 1512 inculcantes,

66 1532 131 1608 jure
145 1533 255 1608 optimo
270 1531 439 1589 irrideamur
448 1553 456 1602 ;
477 1534 530 1605 sic,
546 1534 574 1590 in
591 1535 717 1593 actiones
731 1553 858 1592 omnem·

71 1647 125 1704 que
153 1629 250 1700 uitam,
272 1627 381 1686 nullam
402 1628 622 1705 discrepantium
649 1631 780 1690 conferre
808 1632 856 1689 de·

71 1724 179 1782 bemus.
872 1735 903 1784 15

110 1821 208 1896 Atque
222 1821 285 1878 haec
299 1821 460 1879 differentia
469 1833 634 1881 naturarum
648 1834 756 1883 tantam
771 1824 857 1882 habet

72 1917 137 1990 vim,
150 1927 182 1974 ut
196 1908 403 1991 nunnunquam
418 1929 537 1976 mortem
552 1920 607 1976 sibi
620 1921 681 1995 ipse
695 1922 858 1980 conscisce-

72 2032 101 2070 re
116 2013 189 2070 alius
203 2013 317 2083 debeat,
334 2012 406 2070 alius
419 2013 448 2071 in
463 2015 563 2072 eadem
575 2018 662 2076 causi
676 2038 733 2076 non
744 2018 856 2074 debeat.

72 2107 151 2165 Num
164 2109 244 2166 enim
259 2107 357 2166 atisin
370 2109 457 2166 causa
470 2108 512 2168 M.
525 2111 671 2182 Catofuit
684 2113 740 2170 alit
750 2112 857 2181 oaeteri,

72 2205 165 2279 quise
179 2205 210 2261 in
224 2204 329 2261 Africa
349 2204 457 2263 Caesari
471 2207 668 2265 tradiderunt?
699 2207 790 2281 Atqui
805 2225 859 2263 eae·
873 2219 905 2269 20

72 2301 140 2358 teris
150 2301 270 2358 forsitan
279 2299 350 2358 vitio
360 2300 457 2357 datum
468 2313 553 2373 esset,
563 2303 587 2358 si
594 2320 626 2359 se
637 2302 859 2373 interemissent,

71 2407 221 2471 propterea
242 2394 318 2470 quod
339 2414 437 2453 eorum
458 2397 516 2454 vita
535 2397 637 2467 lenior,
652 2407 680 2454 et
694 2416 788 2454 mores
801 2397 860 2453 sue-

73 2505 136 2549 runt
157 2492 320 2550 faciliores:
349 2491 454 2549 Catoni
469 2502 564 2564 autem
579 2511 646 2550 cum
661 2492 859 2550 incredibilem

73 2588 860 2664 tribuissetnaturagravitatem,eamqueipseperpetut

74 2685 237 2743 constantii
257 2682 458 2754 roboravisset,
477 2702 644 2760 semperque
666 2684 696 2741 in
715 2684 860 2759 proposito
874 2704 907 2753 25

73 2791 265 2856 susceptoque
288 2776 412 2834 consilio
439 2778 652 2853 permansisset,
681 2777 861 2837 moriendum

73 2876 179 2951 potius,
201 2893 288 2950 quam
316 2873 433 2948 tyranni
453 2873 548 2931 vultus
577 2872 778 2948 adspiciendus
799 2874 860 2933 fuit.

72 2970 171 3035 Quom
185 2971 278 3030 multa
288 2987 392 3046 passus
406 2979 449 3028 est
462 2968 581 3051 Ulysses
593 2968 627 3034 lu
638 2969 692 3033 illo
701 2989 804 3035 errore
812 2971 879 3032 liu·
