1904 3750
56 215 150 280 nm.)
358 222 401 272 oa
422 219 569 271 osricus.
833 212 891 273 190

57 385 74 424 a
87 379 189 426 senatu
203 388 234 426 re
249 389 306 428 non
326 371 493 447 impetratd;
516 391 606 430 unum
618 391 655 430 ex
668 372 780 443 decern,
795 370 846 447 qui

56 464 141 539 paulo
154 477 229 541 post,
240 486 325 541 quam
339 486 471 544 egressus
484 479 546 525 erat
559 487 576 525 e
590 467 702 539 castris,
714 467 844 540 redisset,

57 563 137 635 quasi
160 561 268 636 aliquid
295 574 370 620 esset
396 564 637 635 oblitus,‚Romae
664 565 843 623 remansisse.

57 655 167 714 Reditu
190 659 266 715 enim
289 659 318 715 in
339 670 443 731 castra,
464 660 616 717 liberatum
637 680 668 719 ae
688 680 752 719 esse
769 661 845 738 jure-

54 752 178 828 jurando
194 754 450 829 interpretabatur:
472 774 530 812 non
551 767 647 814 recte:
669 757 746 814 fraus
766 758 874 814 enim5

57 850 198 926 astringit,
220 869 277 907 non
305 852 433 927 dissolvit
463 850 656 932 [perjurium]
703 853 773 910 Fuit
793 854 845 931 igi·

56 956 102 1003 tur
116 946 204 1005 stulta
217 947 370 1019 calliditas,
384 965 517 1023 perverse
531 948 642 1005 imitata
654 949 843 1024 prudentiam.

56 1040 158 1117 Itaque
172 1043 299 1100 decrevit
319 1048 445 1115 senatuS,
461 1054 492 1101 ut
506 1044 554 1102 ille
568 1055 710 1102 veterator
723 1055 752 1102 et
766 1046 845 1103 calli·

57 1127 111 1197 dus
137 1140 251 1197 vinctus
278 1141 314 1197 ad
342 1140 535 1198 Hannibalem
570 1141 730 1198 duceretur.
786 1142 844 1198 Sed

57 1231 126 1294 illud
148 1236 320 1294 maximum:
348 1247 414 1294 ooto
441 1237 588 1294 hominum
614 1237 705 1294 millia
728 1238 844 1295 tenebat
859 1248 894 1300 10.

56 1330 215 1404 Hannibal,
237 1352 295 1390 non
322 1353 394 1409 quos
417 1334 448 1393 in
473 1333 535 1391 acie
563 1334 695 1409 cepisset,
720 1343 768 1391 aut
795 1334 845 1408 qui

15 1445 18 1449 ⁴
55 1429 186 1505 periculo
213 1430 314 1486 mortis
341 1431 530 1507 diffugissent,
551 1431 601 1488 sed
625 1431 681 1506 qui
699 1430 792 1488 relicti
813 1431 844 1488 in

56 1526 158 1582 castris
179 1526 299 1584 fuissent
320 1545 337 1583 a
357 1526 446 1584 Paulo
460 1536 489 1584 et
503 1527 644 1599 Varrone,
666 1527 842 1585 consulibus.

56 1620 115 1679 Eos
141 1633 258 1679 senatus
285 1641 344 1679 non
371 1623 485 1680 censuit
512 1624 704 1694 redimendos,
726 1643 792 1682 cum
813 1624 843 1681 id

54 1719 142 1793 parva
169 1719 293 1793 pecuniis
326 1719 388 1776 fieri
415 1731 527 1794 posset,
562 1731 593 1777 ut
619 1730 695 1779 esset
725 1721 843 1779 insitum
858 1729 889 1779 15

55 1813 197 1871 militibus
217 1814 321 1871 nostris
343 1824 391 1871 aut
410 1814 537 1888 vincere,
559 1827 608 1873 aut
627 1816 727 1874 emori.
773 1817 843 1878 Qut

55 1911 172 1985 quidem
192 1926 224 1966 re
245 1909 353 1980 auditis,
374 1910 496 1968 fractum
519 1912 645 1969 animum
669 1911 843 1969 Hannibalis

55 2006 169 2081 scripsit
192 2005 277 2076 idem,
298 2007 374 2080 quod
399 2016 515 2063 senatus
537 2006 713 2082 populusque
735 2006 844 2064 Roma·

54 2122 120 2175 nus,
141 2103 226 2159 rebus
248 2102 369 2172 afflictis,
391 2112 449 2160 tam
473 2103 586 2160 excelso
613 2103 709 2159 animo
733 2101 842 2158 suisset.

56 2201 117 2271 Sic,
138 2199 296 2256 honestatis
317 2197 541 2274 comparatione,
562 2217 607 2269 ea,
627 2217 691 2272 quae
713 2197 843 2254 videntur
856 2211 888 2261 20
944 2258 948 2263 ,

30 2286 148 2366 utilia,
173 2295 334 2352 vincuntur.
389 2294 504 2351 Acilius
531 2303 636 2361 autem,
665 2291 714 2367 qui
741 2291 843 2349 Graece

55 2392 171 2467 scripsit
191 2391 350 2460 historiam,
364 2391 460 2466 plures
478 2390 517 2447 ait
531 2390 628 2460 suisse,
643 2389 735 2465 quiin
750 2399 845 2446 castra
940 2430 944 2438 .

55 2488 250 2559 revertissent,
264 2486 365 2543 erdem
382 2486 491 2556 fraude,
504 2495 535 2543 ut
546 2481 731 2562 jurejurando
743 2485 845 2542 libera·

55 2596 154 2644 rentur
163 2605 170 2654 ;
192 2590 299 2658 e'osque
315 2602 331 2640 a
345 2583 514 2640 censoribus
530 2583 663 2640 omnibus
677 2580 844 2659 ignominiis

55 2691 179 2739 notatos.
856 2689 889 2743 25

95 2778 141 2835 Sit
166 2777 227 2853 jam
255 2773 340 2850 hujus
367 2772 425 2831 loci
452 2770 525 2830 finis
586 2772 773 2848 Perspicuum
801 2781 845 2829 est

56 2874 144 2946 enim,
159 2892 222 2948 quta
244 2870 347 2928 timido
369 2869 475 2939 animo,
496 2869 607 2938 humili,
622 2868 761 2938 demisso,
773 2868 849 2925 irac-

55 2981 141 3048 toque
161 2969 241 3040 fiant,
257 2964 355 3044 (quale
376 2965 482 3026 fuisset
498 2965 618 3049 Reguli
634 2963 882 3037 lacrumans&
