1904 3750
199 262 338 322 nmmos,
355 262 430 310 srva
449 261 494 309 nn
512 260 671 311 sauciam
821 251 879 313 1⁰5

38 413 116 471 enim
130 412 242 471 dictum
256 423 299 473 est
314 415 349 472 ab
364 414 505 472 emendo:
527 431 624 471 amare
639 421 734 471 autem
757 411 830 472 nihil

38 510 117 568 aliud
140 520 194 582 est,
208 510 266 568 nisi
289 530 356 569 eum
377 511 472 589 ipsum
485 510 617 587 diligere,
632 528 717 585 quem
742 528 830 584 ames,

37 607 118 665 nulli
150 607 321 684 indigentiis,
346 608 427 667 nulli
453 607 578 666 utilitate
599 607 736 683 quesini;
767 626 831 683 quas

36 713 134 762 tamen
157 704 219 779 ipsa
239 705 392 762 efflorescit
413 723 449 761 ex
477 704 616 776 amicitiai,
640 704 729 763 etiam
751 703 776 762 si
798 713 831 762 tu

36 818 101 858 sam
113 801 211 858 'minus
225 811 343 859 secutus
355 801 403 858 sis.
844 803 862 854 ὅ

76 895 143 954 Hac
157 916 211 955 nos
225 897 422 956 adolescentes
442 896 644 957 benevolentia
657 916 741 956 senes
755 897 829 972 illos,

36 991 70 1053 L
95 993 227 1066 Paulum,
249 993 292 1052 Μ.
315 994 468 1065 Catonem,
491 994 526 1051 C.
536 993 666 1067 Gallum,
690 995 722 1054 P.
745 995 831 1054 Nasi-

36 1109 112 1162 cam,
131 1090 180 1149 Ti.
203 1091 380 1163 Gracchum,
403 1091 553 1166 Scipionis
574 1091 665 1151 nostri
686 1101 829 1166 socerum,

35 1187 196 1245 dileximus.
238 1187 312 1246 Haec
328 1188 416 1246 etiam
430 1187 522 1264 magis
536 1187 632 1245 elucet
646 1186 720 1247 inter
739 1207 832 1264 sequa·

34 1282 88 1355 les,‘
99 1293 131 1341 ut
144 1283 219 1341 inter
233 1302 280 1342 me
295 1294 325 1341 et
339 1284 518 1359 Scipionem,
533 1283 567 1347 L;
581 1282 712 1355 Furium,
723 1283 755 1343 P.
768 1283 831 1342 Ru·
846 1285 877 1336 1⁰

34 1378 146 1455 pilium,
171 1381 221 1456 Sp.
244 1379 427 1438 Mummium.
469 1379 608 1438 Vicissim
630 1391 726 1438 autem
746 1399 831 1439 senes

35 1475 66 1533 in
87 1476 315 1539 adolescentium
336 1477 456 1535 caritate
484 1477 712 1551 acquiescimus3
742 1483 774 1535 ιιι
800 1478 830 1536 in

34 1573 139 1645 vestri,
154 1583 186 1632 ut
200 1573 229 1631 in
245 1573 286 1636 Q.
308 1573 496 1633 Tuberonis:
518 1574 652 1649 equidem
674 1573 762 1633 etiam
783 1574 831 1632 ad·

34 1668 153 1727 modum
189 1669 391 1743 adolescentis,
419 1670 452 1729 P.
480 1670 598 1743 Rutilii,
626 1671 663 1730 A.
691 1671 829 1748 virginii,

35 1763 228 1823 familiaritate
260 1766 398 1826 delector.
452 1766 661 1843 Quoniamque
688 1768 729 1826 ita
755 1768 830 1827 ratio
845 1773 876 1825 lt

35 1871 203 1936 comparata
212 1872 255 1920 est
264 1863 329 1921 vitae
339 1873 505 1940 naturaeque
519 1874 634 1937 nostrae,
647 1875 678 1922 ut
691 1865 748 1923 alia
760 1875 829 1924 stus
933 1870 935 1875 ⁴

34 1956 160 2028 oriatur;
181 1959 306 2017 maxime
327 1959 445 2035 quidem
467 1960 626 2035 optandum
639 1970 693 2032 est,
707 1971 739 2018 ut
761 1980 829 2019 cum

34 2053 192 2128 equalibus
209 2055 313 2131 possis,
327 2056 500 2130 quibuscum
515 2064 651 2131 tanquam
671 2074 688 2113 e
707 2055 829 2114 carceri·

33 2149 89 2207 bus
115 2150 236 2209 emissus
263 2151 313 2223 sis,
343 2163 419 2209 cum*
438 2151 540 2209 iisdem
569 2150 605 2208 ad
640 2152 752 2210 calcem
782 2151 828 2229 (ut

33 2245 153 2326 dicitur)
177 2247 335 2323 pervenire.
378 2247 447 2319 Sed,
468 2247 604 2324 quoniam
624 2267 670 2305 res
694 2248 827 2307 humanm
842 2259 874 2310 m

33 2342 149 2420 fragiles
174 2344 349 2419 caducaeque
376 2353 453 2415 sunt,
481 2362 593 2419 semper
621 2344 707 2420 aliqui
729 2345 827 2421 anqui-

32 2439 114 2497 rendi
128 2449 205 2512 sunt,
220 2459 291 2516 quos
302 2440 465 2517 diligamus,
477 2450 506 2497 et
517 2459 534 2497 a
545 2440 649 2515 quibus
663 2441 825 2518 diligamur.

32 2534 162 2593 Caritate
175 2535 253 2595 enim
266 2536 525 2611 benevolentidque
537 2535 659 2608 sublata,
674 2537 769 2594 omnis
782 2547 826 2596 est

31 2629 121 2688 evitri
135 2631 247 2689 sublata
259 2631 435 2708 jucunditas.
477 2630 552 2688 Mihi
574 2631 690 2707 quidem
713 2633 825 2708 Scipio,

31 2744 195 2803 quanquam
215 2737 259 2784 est
279 2726 376 2785 subito
390 2738 515 2803 erptus,
530 2727 599 2785 vivit
623 2737 730 2800 tamen,
752 2747 825 2785 sem·
840 2733 873 2785 ιδ

30 2841 139 2899 perque
166 2822 260 2880 vivet:
281 2823 415 2881 virtutem
439 2824 517 2881 enim
543 2824 634 2882 amavi
661 2824 738 2881 illius
759 2824 824 2899 viri,

31 2938 95 2995 quae
111 2919 255 2977 exstincta
274 2929 399 2977 nonest.
442 2919 509 2978 Nec
523 2920 593 2978 mihi
618 2920 672 2979 soli
695 2929 824 2983 versatur

32 3026 99 3074 ante
111 3016 222 3088 oculos,
237 3014 286 3093 qui
301 3015 380 3075 illam
392 3035 506 3095 semper
520 3016 557 3076 in
573 3014 853 3076 mmmmm-eous
