1904 3750
63 273 105 335 32
327 285 416 331 caro
437 283 553 344 umora,
568 282 631 332 sau

110 431 226 509 Magnae
248 430 351 488 Matris
373 432 509 508 acceptis.
557 432 703 508 Epulabar
724 430 813 509 igitur
834 448 902 492 cum

110 528 258 586 sodalibus
268 527 387 584 omniuo
401 529 528 599 modice;
544 529 595 585 sed
609 538 671 587 erat
681 528 797 604 quidam
808 527 903 588 fervor

111 623 220 682 aetatis:
254 623 310 698 qud
336 624 549 700 progrediente,
577 624 675 681 omnia
701 624 774 682 fiunt
808 624 903 682 indies

45 737 47 743 ’
110 721 242 778 mitiora:
275 721 465 796 nequeenim
488 720 613 796 ipsorum
636 720 832 778 conviviorum
855 721 903 778 dc·

79 815 295 874 blectationem
316 817 509 892 voluptatibus
530 817 659 892 corporis
686 816 788 894 magis,
816 837 901 893 quam

110 921 187 970 coetu
203 913 360 970 amicorum
375 923 404 970 et
424 914 614 984 sermonibus
630 913 777 971 metiebar.
821 914 902 970 Bene

110 1009 189 1066 enim
223 1010 345 1086 majores
379 1011 470 1068 nostri
505 1011 719 1068 accubitionem
753 1010 901 1086 epularem

111 1105 280 1178 amicorum,
308 1107 376 1182 quia
402 1107 466 1164 vitae
500 1107 735 1182 conjunctionem
771 1107 900 1178 haberet,

111 1204 268 1260 convivium
288 1203 483 1275 nominitant,
499 1204 610 1274 melius,
626 1222 710 1277 quam
731 1203 838 1274 Graeci,
853 1202 901 1278 qui

65 1309 97 1360 lo
111 1298 168 1357 hoc
192 1299 269 1357 idem
293 1308 353 1356 tum
378 1301 611 1375 compotationem,
634 1308 695 1355 tum
719 1299 903 1356 concaeaatio·

110 1414 180 1468 nem,
201 1405 324 1465 vocant3
347 1404 388 1467 ut,
410 1395 485 1470 quod
507 1396 537 1452 in
558 1415 594 1452 eo
617 1413 724 1472 genere
748 1395 901 1453 minimum

111 1500 164 1563 est,
179 1491 209 1548 id
223 1491 345 1548 maxime
359 1492 480 1566 probare
495 1491 653 1550 videantur.

150 1684 232 1743 XIV.
276 1685 340 1762 Ego
365 1704 441 1757 vero,
468 1696 583 1760 propter
611 1687 752 1744 sermonis
777 1687 903 1744 delecta·

111 1781 230 1853 tionem,
252 1782 428 1857 tempestivis
454 1801 565 1858 quoquc
593 1784 733 1840 conviviis
760 1784 900 1854 delector,

65 1891 96 1938 15
111 1896 167 1936 uec
182 1897 248 1935 cum
263 1878 418 1952 aequalibus
439 1879 530 1935 solum
554 1878 617 1954 (qui
637 1880 724 1954 pauci
746 1880 900 1936 admodum

111 1974 245 2052 restant),
274 1973 323 2029 sed
358 1993 423 2030 cum
452 1975 545 2031 vestra
572 1976 658 2032 etiam
693 1985 786 2045 aetate,
817 1985 901 2049 atque

45 2098 50 2109 ι
112 2069 277 2126 vobiscum:
300 2069 448 2144 habeoque
463 2071 604 2127 senectuti
620 2090 753 2146 magnam
768 2071 901 2146 gratiam,

112 2185 174 2241 quae
195 2166 266 2223 mihi
287 2167 427 2223 sermonis
450 2168 613 2224 aviditatem
630 2168 717 2238 auxit,
731 2167 857 2241 potionis
872 2176 902 2223 ct

112 2263 171 2320 cibi
193 2263 315 2319 sustulit.
355 2263 447 2324 Quod
472 2264 495 2320 si
517 2283 600 2338 quem
623 2264 709 2320 etiam
732 2264 786 2320 ista
807 2262 902 2319 delec-

63 2363 96 2412 20
112 2368 183 2431 tant,
201 2358 252 2436 (ne
270 2359 388 2415 omnino
410 2360 515 2416 bellum
538 2360 675 2416 indixisse
689 2359 785 2415 videar
807 2359 902 2434 volup-

111 2456 174 2526 tati,
196 2455 278 2531 cujus
299 2466 342 2511 est
363 2456 448 2512 etiam
471 2457 591 2513 fortasse
619 2455 733 2530 quidam
763 2456 901 2512 naturalis

111 2552 228 2631 modus)
250 2571 308 2608 non
331 2552 470 2628 intelligo,
493 2573 529 2609 ne
549 2553 578 2608 in
600 2553 661 2609 istis
675 2553 789 2627 quidem
805 2552 903 2627 volup·

111 2649 218 2706 tatibus
230 2649 308 2724 ipsis,
324 2667 422 2705 carere
436 2668 521 2705 sonsa
539 2659 727 2706 senectutem,
770 2649 820 2704 Me
835 2667 902 2704 vcro

112 2754 141 2801 et
156 2744 320 2821 magisteria
333 2744 488 2815 delectant,
505 2764 521 2802 a
535 2745 690 2820 majoribus
707 2746 852 2811 instituta;
874 2753 902 2800 et

64 2840 97 2891 25
113 2838 137 2895 is
157 2859 260 2910 sermo,
283 2840 341 2914 qui,
358 2859 436 2896 more
457 2841 607 2915 majorum,
624 2862 640 2899 a
658 2859 770 2899 summo
785 2840 903 2897 adhibe·

108 2944 155 2990 tur
173 2936 204 2993 in
223 2936 357 3012 poculis;
379 2947 408 2993 et
428 2937 543 3014 pocula,
559 2938 634 2995 sicut
649 2938 677 2995 in
691 2945 709 2970 ‘¹
720 2937 874 3012 Symposio
883 2937 900 2964 ”

88 3027 320 3111 Xenophontis,
346 3037 474 3113 minuta,
495 3045 583 3114 atqua
607 3035 754 3104 rorantia,
771 3043 803 3089 et
823 3033 906 3088 retri-
