1904 3750
49 235 151 299 tm]
347 239 390 286 on
411 239 558 286 osricus.
839 227 897 287 15⁷

48 394 87 445 et
106 386 273 444 constantia
297 397 402 445 natura
428 387 583 458 desiderat,
606 384 850 461 adspernaturque

49 482 229 562 contraria),
257 483 386 559 nihilque
420 493 479 540 tam
513 483 672 540 secundum
707 492 849 553 naturam,

48 597 144 652 quam
171 579 297 649 utilitas3
332 590 411 636 certe
441 580 471 636 in
499 579 601 636 eidem
628 598 659 637 re
686 579 794 636 utilitas
821 587 851 636 et

48 676 206 751 turpitudo
226 695 290 734 esse
311 696 369 734 non
392 686 493 752 potest.
534 675 676 751 Itemque,
697 675 722 733 si
744 675 779 733 ad
800 676 850 731 bo-

50 782 199 832 mestatem
219 773 280 829 nati
300 792 410 844 sumus,
426 791 517 847 eaque
539 783 588 829 aut
608 773 670 829 sola
690 762 904 847 expetendas

48 878 100 924 est
122 867 169 944 (ut
189 868 306 925 Zenoni
327 869 420 926 visum
440 871 509 948 est),
525 881 573 926 aut
593 879 673 925 certe
688 869 766 926 omni
781 888 850 944 pon·

48 963 127 1022 dere
159 965 274 1042 gravior
308 965 450 1038 habenda,
485 984 570 1041 quam
607 965 719 1040 reliqua
752 965 851 1022 omnia

50 1059 151 1137 dquod
184 1061 336 1119 Aristoteli
369 1063 496 1141 placet);
532 1079 652 1118 necesse
685 1071 739 1132 est,
773 1061 850 1135 quod

52 1157 213 1215 'honestum
241 1158 288 1230 sit,
310 1158 340 1215 id
361 1178 424 1216 esse
445 1169 495 1215 aut
516 1157 608 1214 solum
632 1167 681 1213 aut
708 1175 850 1213 summum

51 1254 184 1313 bonum:
207 1255 283 1329 quod
306 1266 399 1313 autem
420 1256 539 1326 bonum,
554 1254 584 1311 id
598 1264 677 1310 certe
691 1253 778 1309 utile:
801 1252 850 1325 ita,
867 1263 897 1313 10

51 1351 198 1426 :quidquid
213 1351 376 1423 honestum,
392 1352 420 1408 id
435 1351 514 1408 utile.

96 1446 200 1509 Quare
228 1465 307 1503 error
335 1447 486 1504 hominum
513 1466 572 1504 non
596 1446 761 1523 proborum,
784 1464 851 1502 cum

59 1543 178 1618 aliquid,
201 1543 279 1618 quod
305 1543 376 1601 utile
396 1544 489 1601 visum
509 1554 562 1616 est,
584 1545 711 1619 arripuit,
733 1543 763 1600 id
784 1562 852 1600 con-

51 1640 139 1699 ·tinuo
167 1639 294 1698 secernit
322 1642 358 1698 ab
386 1641 516 1698 honesto.
567 1641 647 1698 Hinc
675 1642 752 1714 sicae,
781 1640 850 1698 hinc

59 1755 181 1809 venena,
203 1737 273 1793 hinc
294 1737 365 1794 falsa
385 1747 558 1795 testamenta
578 1750 753 1796 nascuntur:
781 1738 850 1795 hinc
866 1746 897 1797 15

59 1833 144 1906 furta,
182 1834 344 1909 peculatus,
382 1833 579 1909 expilationes,
617 1836 849 1911 direptionesque

51 1931 205 1989 sociorum
225 1940 255 1988 et
276 1930 400 1988 civium:
428 1931 498 1987 hinc
519 1950 605 2006 opum
629 1933 781 1989 nimiarum
801 1950 851 2007 po-

57 2028 156 2085 tentiae
177 2045 236 2084 non
257 2026 398 2084 serendae:
419 2037 575 2103 postremo,
594 2027 682 2084 etiam
702 2027 732 2083 in
752 2026 851 2083 liberis

58 2123 236 2194 civitatibus,
257 2124 398 2200 regnandi
418 2122 560 2181 exsistunt
581 2122 769 2196 cupiditates3
791 2121 851 2195 qui·

58 2220 113 2278 bus
132 2219 206 2278 nihil
227 2237 283 2277 nec
303 2220 406 2277 tetrius
424 2238 481 2276 nec
502 2218 606 2275 soedius
625 2217 784 2294 excogitari
802 2235 852 2292 po-
865 2229 898 2277 2⁰

58 2326 122 2375 teat
164 2316 370 2374 Emolumenta
390 2316 468 2373 enim
489 2335 583 2373 rerum
605 2313 756 2372 fallacibus
777 2313 852 2388 judi·
918 2390 921 2396 Ι

59 2413 243 2486 ciisvident:
263 2432 388 2488 poenam,
403 2432 461 2470 non
483 2413 550 2470 dico
570 2412 677 2488 legum,
692 2429 763 2485 quas
776 2429 852 2485 saepe

59 2520 259 2586 perrumpunt,
280 2511 331 2567 sed
358 2509 447 2584 ipsius
474 2507 669 2584 turpitudinis,
689 2526 752 2584 quae
774 2524 853 2562 acer-

61 2607 180 2666 bissima
192 2616 247 2678 est,
262 2625 320 2664 non
334 2606 440 2663 vident.
789 2666 792 2671 ¹

97 2703 300 2768 Quamobrem
321 2702 378 2760 hoc
395 2702 511 2776 quidem
526 2699 746 2759 deliberantium
760 2715 853 2774 genua
867 2717 902 2766 25

59 2801 183 2879 pellatur
207 2818 225 2856 e
248 2800 344 2856 medio
372 2796 430 2874 (est
457 2799 534 2856 enim
561 2809 653 2856 totum
680 2794 853 2853 sceleratum

59 2909 91 2958 et
109 2896 257 2976 impium),
278 2896 327 2970 qui
347 2895 517 2968 deliberant,
531 2906 629 2953 utrum
648 2891 680 2950 id
699 2899 865 2966 seonantm

53 2995 136 3074 «qnod
168 2994 322 3053 honestum
357 3013 423 3055 esse
454 2994 596 3077 videant,
619 3015 665 3062 an.
688 3010 725 3052 ae
751 2987 902 3047 aalma*

292 3095 330 3159 14
