1904 3750
415 620 459 668 nn
476 618 623 667 osricus.
838 608 852 670 t

119 770 244 830 munitas
264 780 317 843 est,
339 788 402 846 quae
424 769 577 827 conficitur
599 787 635 825 ex
661 766 850 826 beneficiisu

119 869 191 926 citro
211 868 295 939 datis,
316 868 460 943 acceptis:
482 885 547 941 qum
567 876 668 924 mutua
688 876 717 923 et
737 876 819 942 grata
839 866 850 922 i

118 976 194 1037 sunt,
210 966 284 1022 inter
305 984 378 1040 quon
398 985 433 1022 ea
453 975 529 1037 sunt,
545 964 628 1022 firmat
648 963 691 1020 illi
705 963 848 1021 devinciur

117 1062 266 1120 societate.

70 1174 86 1222 5
157 1161 226 1230 Sed,
246 1179 314 1216 cum
335 1159 433 1218 omnia
453 1158 566 1216 ratione
591 1158 744 1232 animoque
766 1157 847 1215 lustri

117 1257 247 1314 omnium
268 1257 439 1315 societatum
459 1256 540 1314 nulla
560 1266 603 1313 est
623 1256 747 1332 gravior,
762 1256 842 1313 nulla

117 1353 186 1425 rior,
201 1372 287 1427 quam
307 1373 343 1410 ea
365 1372 428 1428 qua:
445 1372 512 1410 cum
528 1352 678 1428 republicd
692 1361 736 1410 est
749 1353 845 1410 unicui

117 1451 256 1508 nostrdm.
298 1450 368 1507 Cari
388 1459 456 1508 sunt
475 1450 702 1526 parentes,.cari
728 1450 822 1522 liberi,
843 1471 845 1478 ·

116 1547 228 1622 pinqui‚
244 1546 414 1604 familiares:
436 1547 487 1604 sed
501 1565 603 1604 omnes
622 1547 753 1604 omnium
772 1548 844 1604 carit

70 1645 103 1694 10
117 1645 210 1719 patria
232 1663 291 1702 una
312 1644 462 1718 complexa
485 1653 544 1713 est3
572 1663 626 1719 pro
648 1644 705 1720 qud
727 1644 791 1718 quis
813 1645 844 1701 b<

118 1742 230 1798 dubitet
254 1751 383 1797 mortemv
398 1751 543 1816 oppetere,
565 1742 589 1798 si
610 1741 638 1799 ei
659 1742 697 1799 sit
716 1741 843 1817 profutur

116 1836 189 1897 Quo
215 1846 259 1894 est
286 1837 482 1894 detestabilior
510 1838 630 1895 istorum
658 1839 832 1910 immanitas,

117 1933 281 1990 lacerarunt
302 1935 381 1991 omni
402 1935 511 1991 scelere
529 1936 662 2011 patriam,
677 1936 750 1994 etin
765 1937 800 2031 esi
815 1937 842 1993 fu

118 2039 164 2086 tus
179 2030 301 2087 delenda
316 2033 451 2108 occupati
466 2043 576 2090 suntet
591 2035 715 2092 fuerunt.

71 2129 102 2178 15
157 2128 226 2198 Sed,
241 2128 266 2184 si
287 2130 434 2186 contentio
455 2131 587 2204 quaedam
606 2141 635 2188 et
653 2131 832 2207 comparatio

117 2224 222 2298 quibus
243 2225 398 2300 plurimum
426 2227 612 2284 tribuendum
639 2228 737 2299 officii,
759 2228 840 2304 princ

117 2331 184 2377 sunt
197 2322 290 2397 patria
303 2333 332 2379 et
345 2333 489 2399 parentes,
505 2343 627 2398 quorum
649 2325 798 2384 beneficiis
818 2345 839 2383 rr

116 2416 171 2473 mis
193 2417 312 2493 obligati
333 2437 450 2476 sumus:
471 2420 594 2495 proximi
614 2421 709 2495 liberi,
724 2431 839 2497 totaque

116 2531 191 2585 mus,
219 2533 282 2588 quae
309 2525 420 2591 spectat
448 2517 477 2573 in
505 2535 558 2574 nos
592 2517 677 2591 solos,
705 2538 800 2593 neque
828 2539 838 2576 a

71 2617 101 2668 20
118 2611 207 2667 ullum
227 2621 323 2686 potest
342 2614 447 2670 habere
467 2613 648 2690 perfugium:
674 2616 811 2690 deinceps
832 2617 838 2672 1

118 2708 323 2765 convenientes
340 2710 504 2785 propinqui,
527 2710 700 2785 quibuscum
721 2712 807 2769 etiam
830 2732 837 2768 r

117 2804 213 2862 munis
236 2806 403 2881 plerumque
423 2808 538 2864 fortuna
551 2816 603 2867 est.
644 2807 836 2870 Quamobrem

117 2901 243 2958 cessaria
255 2903 389 2977 praesidia
403 2904 468 2960 vitae
483 2905 623 2961 debentur
638 2905 673 2962 iis
687 2906 836 2979 maxime„

118 3008 184 3054 ante
211 2998 288 3055 dixi:
324 2999 383 3056 vita
416 3009 521 3072 autem,
549 3001 699 3076 victusque
733 3021 835 3062 commi

70 3107 102 3156 25
118 3095 250 3166 consilia,
265 3114 422 3169 sermones,
437 3098 661 3171 cohortationes,
683 3100 835 3159 consolati<

119 3189 261 3249 interdum
276 3193 363 3250 etiam
376 3195 599 3272 objurgationes,
615 3196 645 3253 in
661 3197 795 3254 amicitiis
809 3200 835 3255 vi

118 3286 260 3346 maxime:
282 3299 382 3365 estque
396 3310 432 3349 aa
442 3291 654 3367 jucundissima
667 3294 805 3368 amicitia,
821 3314 833 3372 q

102 3380 272 3445 sr'rrn'lr'tudo
285 3404 404 3448 morum
418 3387 591 3468 conjugavit.
