1904 3750
77 636 134 698 188
407 645 454 694 nn
472 643 617 694 osricus
822 642 902 704 [nn

158 797 193 854 In
214 795 259 852 his
279 805 374 854 autem
394 795 548 854 utilitatum
567 791 728 870 proneptis,
748 792 901 869 Antipater

118 893 236 970 Tyrius,
248 894 375 964 Stoicus,
387 891 450 970 (qui
461 891 585 949 Athenis
598 909 688 967 nuper
702 899 745 948 est
758 891 900 970 mortuus)

52 1007 55 1013 ’
118 992 176 1048 duo
194 990 338 1066 preterita
357 999 457 1047 censet
472 1007 535 1046 esse
550 988 718 1060 aPanaetio,
733 988 902 1046 valetudinis

118 1088 296 1144 curationem
329 1097 358 1144 et
389 1086 537 1162 pecunie:
572 1104 642 1161 quas
672 1103 719 1141 res
746 1103 764 1142 a
789 1102 903 1142 summo

88 1183 286 1258 ophilosopho
306 1183 463 1258 praeteritas
484 1183 613 1249 arbitror,
628 1181 704 1256 quod
724 1193 820 1239 essent
834 1182 903 1239 faoi·

116 1280 175 1337 les:
197 1290 263 1337 sunt
277 1291 355 1337 certe
369 1279 461 1337 utiles.
504 1280 563 1336 Sed
576 1279 709 1336 valetudo
728 1289 902 1337 sustentatur

117 1376 219 1434 notitii
246 1377 290 1434 sui
317 1377 461 1452 eorporis;
489 1385 519 1433 et
538 1375 746 1448 observatione,
769 1395 831 1450 quae
856 1395 901 1432 res

118 1484 167 1530 aut
185 1473 321 1549 prodesse
341 1474 461 1546 soleant,
477 1482 524 1531 aut
543 1473 660 1543 obesse3
680 1482 709 1530 et
723 1473 902 1531 continentia

49 1586 52 1592 ’
118 1569 148 1626 in
180 1569 258 1627 viotu
292 1570 370 1627 omni
404 1580 488 1644 atque
522 1571 611 1640 cultu,
639 1571 769 1644 eorporis
801 1568 901 1626 tuendi

73 1668 104 1717 1⁰
118 1668 221 1737 oausi;
250 1676 278 1723 et
296 1667 545 1740 praetermittendis
564 1667 772 1741 voluptatibus;
794 1677 902 1741 postre-

117 1781 172 1834 mo,
189 1773 248 1819 arte
262 1781 371 1833 eorum,
387 1781 506 1836 quorum
522 1763 556 1819 ad
571 1763 721 1820 scientiam
736 1763 797 1820 hae
817 1762 902 1837 perti-
946 1759 948 1773 '

117 1869 194 1915 nent.
249 1858 311 1915 Res
338 1867 432 1915 autem
466 1858 613 1916 familiaris
639 1859 728 1934 quaeri
754 1859 839 1915 debet
866 1859 901 1916 iis

118 1955 203 2010 rebus
218 1954 350 2029 aquibus
366 1955 445 2011 abest
458 1955 613 2029 turpitudo,
629 1956 792 2013 conservari
807 1966 901 2012 autem

118 2049 268 2125 diligentiis
295 2061 324 2107 et
350 2051 539 2126 parsimonia3
573 2051 675 2108 iisdem
703 2053 787 2108 etiam
815 2053 901 2109 rebus

73 2144 103 2193 15
119 2145 224 2221 augeri.
267 2145 328 2203 Has
348 2167 393 2204 res
414 2148 645 2205 commodissime
665 2148 829 2224 Xenophon
851 2149 901 2206 So·
936 2134 938 2139 ’

118 2241 243 2298 cratinus
262 2253 430 2318 persecutus
450 2255 493 2301 est
513 2245 543 2300 in
564 2263 599 2301 eo
619 2244 703 2314 libro,
723 2245 772 2318 qui
787 2243 901 2302 “OEoo·

117 2338 271 2395 nomious'’
288 2339 468 2410 inscribitur;
491 2359 575 2414 quern
595 2359 658 2411 nos,
674 2342 728 2397 isti
743 2341 802 2398 fere
819 2352 901 2398 aetate

118 2452 184 2490 oum
204 2454 341 2507 essemus,
356 2437 412 2511 quii
433 2457 463 2494 es
483 2448 514 2494 tu
531 2456 619 2509 nuno,
634 2456 650 2494 e
664 2439 767 2498 Graeoo
782 2438 811 2495 in
826 2439 903 2496 Lati·

117 2549 186 2587 num
201 2533 402 2591 convertimus

71 2730 103 2780 20
157 2723 255 2782 XXV.
284 2725 342 2782 Sed
370 2727 524 2784 utilitatum
552 2728 727 2803 comparatio
754 2727 902 2803 (quoniam

118 2820 166 2903 hio
186 2821 268 2878 locus
287 2833 348 2879 erat
368 2834 484 2898 quartus
501 2843 518 2880 a
533 2823 661 2881 Panaetio
680 2825 900 2904 praetermissus)

117 2935 193 2993 saepe
207 2928 251 2974 est
264 2919 434 2976 necessaria.
476 2919 552 2977 Nam
567 2931 596 2976 et
610 2921 739 2995 eorporis
750 2923 903 2980 commoda

118 3030 185 3068 enm
207 3013 340 3084 externis,
362 3024 390 3071 et
410 3027 528 3073 externa
548 3035 614 3073 oum
635 3016 772 3091 eorporis,
791 3027 821 3073 et
842 3018 903 3093 ipsa

118 3107 193 3164 inter
208 3126 238 3165 se
252 3109 390 3184 eorporis,
405 3120 434 3168 et
452 3123 570 3170 externa
589 3130 656 3171 oum
675 3113 810 3183 externis,
826 3133 904 3171 oom-

72 3213 104 3263 25
119 3204 212 3277 parari
226 3205 326 3262 solent.
368 3205 443 3263 Cum
458 3209 592 3281 externis,
607 3208 735 3285 eorporis
749 3208 804 3266 hoo
818 3210 905 3268 modo

112 3310 338 3373 comparantur:
359 3301 464 3360 Valere
484 3314 516 3361 ut
531 3305 623 3377 malis,
638 3323 723 3379 qnam
737 3304 818 3364 dives
832 3325 904 3363 esse.

103 3387 184 3451 Cum
208 3398 343 3476 eorporis
364 3409 496 3476 externa,
512 3401 573 3462 lion
595 3402 699 3462 motio:
726 3401 816 3462 Dives
842 3419 906 3463 esse
