1904 3750
340 289 383 335 DE
402 287 605 336 sannorum

121 439 137 466 “
148 436 235 499 Unus,
241 437 283 499 qui
294 438 365 485 nobis
375 438 518 487 cunctando
533 438 644 486 restituit
653 450 723 496 rem;

82 535 85 541 ·
145 518 203 566 Non
214 518 321 581 penebat
332 519 401 566 enim
411 535 522 566 rumores
533 524 591 566 unte
603 519 725 567 salutem:

144 598 212 662 Ergo
223 599 351 663 magisque
363 599 491 663 magisque
499 599 546 648 viri
557 614 626 646 nunc
638 598 717 664 gloria
728 598 833 647 claret.”

55 718 218 775 Tarentum
250 737 317 775 vero
346 719 403 793 quia
431 718 592 795 vigilantii,
620 737 678 793 quo
712 718 847 790 consilio,

11 830 14 834 ’
55 814 181 891 recepit!
204 834 272 872 cum
293 816 420 890 quidem,
442 835 488 872 me
511 816 656 887 audiente,
678 815 877 888 Salinatori,5

56 911 116 986 qui,
132 911 236 968 amisso
257 912 373 987 oppido,
389 912 502 988 fugerat
523 912 553 969 in
575 931 682 983 arcem,
697 911 846 989 glorianti,

58 1020 143 1084 atque
167 1008 217 1066 ‘ita
251 1009 376 1065 dicenti:
417 1008 516 1066 “Mea
551 1009 650 1085 operia,
683 1008 724 1070 Q.
761 1008 846 1080 Fabi,

56 1105 218 1162 Tarentum
245 1106 423 1181 recepisti:''
447 1113 465 1138 “
478 1106 595 1177 Certe,''
618 1106 712 1182 inquit
732 1106 830 1164 ridens

58 1209 76 1234 “
87 1221 163 1273 nam,
177 1202 234 1259 nisi
255 1213 286 1259 tu
310 1203 464 1274 amisisses,
479 1222 628 1279 nunquam
642 1203 845 1278 recepissem.''

56 1297 122 1355 Nec
142 1317 210 1355 vero
232 1298 261 1355 in
284 1298 370 1355 armis
389 1299 581 1374 prestantior,
601 1318 687 1373 quam
708 1299 738 1355 in
759 1298 844 1374 toga3
861 1313 893 1364 10

57 1395 105 1469 qui
127 1394 228 1452 consul
253 1395 367 1467 iterum,
393 1396 442 1471 Sp.
465 1395 594 1453 Carvilio
614 1395 728 1472 collegit
752 1394 847 1470 quies·

57 1502 151 1563 cente,
167 1492 201 1548 C.
216 1491 361 1556 Flaminio
382 1492 613 1569 tribunoplebis,
627 1493 721 1567 quoad
740 1491 845 1568 potuit,

57 1588 170 1660 restitit,
203 1607 303 1665 agrum
332 1589 482 1647 Picentem
509 1600 538 1647 et
564 1590 711 1647 Gallicum
738 1589 847 1647 viritim

57 1695 160 1742 contra
179 1685 296 1743 senatuis
318 1683 519 1748 auctoritatem
539 1687 688 1746 dividenti.
730 1688 847 1764 Augur·

57 1801 113 1856 que
127 1801 194 1839 cum
208 1793 293 1854 esset,
305 1783 403 1841 dicere
417 1804 503 1841 ausus
514 1794 567 1856 est,
579 1785 695 1860 optimis
710 1785 847 1861 auspiciis
863 1796 895 1847 15

57 1897 92 1936 ea
111 1878 183 1956 geri,
204 1899 268 1954 quae
289 1899 340 1955 pro
361 1881 528 1957 reipublicae
548 1881 640 1939 salute
660 1893 846 1959 gererentur;
894 1899 900 1905 ·

57 1994 120 2050 quae
142 1967 243 2033 contra
263 1978 471 2053 rempublicam
493 1978 644 2050 ferrentur,
660 1989 763 2036 contra
784 1997 847 2036 aus-

57 2071 136 2148 picia
149 2073 225 2130 ferri.
268 2072 363 2131 Multa
381 2074 412 2131 in
425 2093 461 2132 eo
475 2075 537 2131 viro
550 2074 689 2149 praeclara
703 2075 846 2151 cognovi;

57 2169 109 2226 sed
131 2169 202 2226 nihil
225 2180 269 2226 est
292 2171 498 2242 admirabilius,
522 2174 608 2245 quam
630 2171 777 2245 quomodo
798 2170 848 2227 ille

57 2275 179 2323 mortem
204 2265 245 2324 M.
266 2267 318 2323 filii
343 2267 418 2338 tulit,
443 2266 515 2324 clari
536 2266 599 2339 viri,
624 2277 654 2323 et
677 2263 896 2325 consularium

58 2361 111 2418 Est
138 2362 168 2420 in
190 2363 324 2420 manibus
343 2363 488 2434 laudati03
511 2383 597 2438 quam
622 2382 689 2421 cum
712 2363 848 2441 legimus,
899 2384 902 2389 ·

58 2478 144 2534 quem
176 2459 379 2535 philosophum
413 2479 472 2517 non
507 2461 740 2519 contemnimust
781 2459 849 2518 Nec

58 2575 125 2614 vero
147 2556 196 2614 ille
218 2556 248 2613 in
270 2555 336 2614 luce
358 2557 446 2614 modo
468 2568 553 2633 atque
575 2557 606 2615 in
627 2557 720 2615 oculis
740 2556 850 2614 civium

58 2671 196 2730 magnus3
218 2653 269 2711 sed
292 2653 369 2711 intus
389 2653 526 2729 domique
545 2654 735 2731 prestantior.
783 2652 848 2714 Qui

59 2751 169 2807 sermo!
191 2770 255 2826 quae
269 2751 429 2826 praecepta!
452 2762 559 2825 quanta
579 2751 683 2808 notitia
697 2749 850 2826 antiquita·
863 2753 896 2804 25

59 2840 111 2904 tis!
133 2867 197 2923 quae
211 2846 335 2905 scientia
352 2847 425 2923 juris
441 2848 570 2924 augurii!
592 2848 690 2905 multe
704 2847 802 2918 etiam,
817 2856 850 2904 ut

60 2943 89 3000 in
116 2944 234 3014 homine
261 2943 409 3013 Romano,
437 2943 544 3001 literas:
583 2945 682 3002 omnia
706 2941 875 3002 'memoriis'

59 3041 182 3117 tenebat,
195 3060 256 3102 non
272 3040 439 3102 domestica
451 3043 564 3118 seium,
575 3042 634 3103 seb
644 3042 745 3101 etrum
753 3045 890 3098 eutem

291 3140 314 3199 2
