1904 3750
56 249 137 314 nn]
346 250 390 297 un
412 251 556 299 orrrcns.
843 239 900 300 113

56 403 112 474 les;
134 401 181 459 sic
209 400 306 478 gloria
329 408 360 456 et
383 401 537 476 quaerenda
559 410 589 458 et
613 399 785 458 collocanda
810 419 854 458 ra·

56 501 135 558 tione
150 508 204 556 est.

92 595 275 670 Quanquam
303 593 440 668 preclare
468 595 603 652 Socrates
624 595 700 652 hanc
720 595 795 652 viam
817 593 851 651 ad

57 692 178 768 gloriam
213 691 384 768 proximam,
418 701 446 747 et
480 692 562 766 quasi
597 692 851 768 compendiariam,

58 789 173 846 dicebat
194 806 269 859 esse,
285 786 310 844 si
333 787 396 861 quis
417 787 445 844 id
463 798 569 864 ageret,
585 799 625 860 ut,
641 789 732 865 qualis
753 787 883 846 haberi5

57 887 151 958 vellet,
174 885 241 942 talis
262 893 348 941 esset.
388 884 479 946 Quod
500 885 524 941 si
545 886 594 960 qui
615 885 808 955 simulatione,
823 894 853 940 et

58 982 135 1040 inani
157 982 364 1051 ostentatione,
386 991 414 1037 et
435 981 502 1038 ficto
522 1001 581 1038 non
602 983 686 1038 modo
709 1000 851 1052 sermone,

57 1080 217 1136 sedetiam
239 1078 332 1147 vultu,
353 1078 483 1134 stabilem
504 1097 535 1134 se
563 1076 684 1154 gloriam
712 1076 852 1150 consequi

56 1196 139 1252 posse
163 1185 275 1246 rentur,
298 1173 482 1230 vehementer
509 1185 614 1231 errant.
656 1174 734 1230 Vera
760 1172 853 1249 gloria

57 1274 170 1330 radices
206 1272 276 1348 agit,
314 1281 398 1345 atque
431 1272 518 1328 etiam
555 1284 747 1347 propagatur:
786 1268 852 1325 ficta
867 1273 898 1321 lt

56 1370 152 1428 omnia
167 1369 313 1438 celeriter,
329 1379 464 1443 tanquam
483 1368 605 1438 flosculi,
621 1367 775 1435 decidunt3
797 1383 852 1422 nec

56 1467 221 1524 simulatum
258 1475 356 1539 potest
389 1465 543 1539 quidquam
577 1483 640 1521 esse
674 1464 850 1520 diuturnum,
875 1500 877 1506 ·

56 1563 161 1620 Testes
183 1572 251 1620 sunt
271 1561 409 1637 permulti
430 1562 460 1617 in
477 1571 626 1637 utramque
640 1571 767 1636 partem:
789 1559 850 1632 sed,

57 1660 204 1718 brevitatis
231 1657 334 1727 causti,
356 1657 463 1714 familid
491 1659 598 1715 erimus
625 1659 754 1715 contenti
782 1656 849 1714 und.

56 1756 103 1814 Ti,
119 1757 197 1814 enim
217 1753 384 1824 Gracchus
399 1754 430 1811 P.
446 1755 530 1825 filius,
545 1755 655 1812 tamdiu
676 1754 849 1824 laudabitur,
866 1763 897 1811 15

57 1853 123 1910 dum
144 1853 288 1910 memoria
310 1869 403 1907 rerum
425 1851 624 1909 Romanarum
650 1852 793 1908 manebit:
822 1861 851 1906 at

57 1950 116 2025 ejus
136 1951 188 2007 filii
209 1967 268 2006 nec
288 1946 346 2003 vivi
367 1948 560 2021 probabantur
581 1949 674 2018 bonis,
695 1958 723 2004 et
743 1946 850 2003 mortui

56 2065 206 2104 numerum
221 2044 357 2104 obtinent
368 2043 431 2119 jure
446 2063 595 2101 cesorum.

93 2240 179 2298 XIII.
201 2236 269 2300 Qui
285 2235 372 2312 igitur
387 2237 507 2314 adipisci
519 2256 615 2294 veram
630 2235 751 2312 gloriam
767 2235 851 2304 volet,

55 2335 167 2410 justitiae
184 2336 324 2411 fungatur
335 2333 445 2391 officiis.
488 2335 532 2391 Ea
546 2353 609 2407 quae
624 2341 729 2402 essent,
741 2331 851 2386 dictum
865 2336 897 2385 2⁰

56 2443 96 2489 cst
110 2434 186 2490 libro
201 2429 361 2507 superiore.

93 2531 163 2603 Sed,
193 2542 226 2586 ut
255 2525 402 2598 facillime,
430 2527 529 2602 quales
561 2525 661 2595 simus,
689 2523 761 2581 tales
788 2541 851 2579 esse

57 2626 213 2696 videamur,
236 2622 292 2680 etsi
320 2623 349 2679 in
377 2643 413 2679 eo
440 2625 503 2699 ipso
527 2623 570 2679 vis
597 2621 722 2678 maxima
745 2629 798 2689 est,
820 2629 852 2675 ut

57 2723 143 2780 timus
172 2723 194 2779 ii
222 2720 272 2795 qui
304 2720 404 2776 haberi
431 2720 561 2790 velimus,
590 2730 687 2775 tamen
720 2716 851 2791 quaedam

56 2829 201 2895 precepta
221 2816 318 2874 danda
337 2826 413 2873 sunt.
455 2815 543 2888 Nam,
558 2815 661 2890 siquis
683 2814 719 2870 ab
733 2812 850 2869 ineunte
864 2811 896 2862 25

57 2928 139 2975 etate
158 2916 249 2973 habet
270 2932 387 2972 causam
408 2912 584 2971 celebritatis
604 2921 634 2968 et
650 2909 787 2982 nominiS,
802 2919 850 2966 aut

57 3023 168 3090 epatre
182 3020 330 3087 acceptant
347 3010 440 3093 (quod
461 3010 528 3089 tibi,
543 3011 585 3072 mi
600 3010 727 3087 Cicero,
740 3008 870 3070 arbitror

283 3107 323 3168 10
334 3110 353 3147 *
