1904 3750
76 182 133 242 190
409 195 451 239 nn
475 194 619 240 osricus.
813 192 910 255 [um

48 365 50 369 ’
123 338 211 412 niam,
233 360 295 415 quae
315 340 436 399 honesta
462 343 588 414 nonsit,
610 362 647 399 ne
668 340 766 398 utilem
794 340 911 415 quidem

124 457 187 494 esse
222 438 349 495 arbitror.
402 439 485 500 Quid
517 440 595 496 enim
630 438 793 496 auditurum
826 447 911 512 putas

124 533 213 591 fuisse
243 534 381 609 Ulyssem,
402 535 427 591 si
447 535 477 592 in
500 536 548 592 illd
576 534 757 592 simulatione
784 552 911 610 perseve-

123 630 234 687 rassetl
255 631 314 705 qui,
334 649 400 688 cum
421 632 559 688 maximas
580 651 624 688 res
644 631 765 708 gesserit
779 630 809 687 in
824 629 910 702 bello,

91 734 220 784 ttamen
234 725 296 782 haec
312 710 408 783 audiat
424 728 458 783 ab
473 727 581 803 Ajace:

209 867 225 892 ‘⁸
235 862 311 926 Cuju'
323 863 375 926 ipse
387 863 502 927 princeps
510 864 572 926 juris
581 862 682 926 jurandi
692 863 749 924 fuit,

234 942 308 999 Quod
320 958 407 991 omnes
419 944 496 1005 scitis,
507 943 574 991 solus
586 943 698 1007 neglexit
708 942 791 991 fidem.

233 1022 325 1070 Furere
336 1023 505 1081 assimulavit;
522 1038 554 1070 na
566 1024 651 1085 eoiret,
661 1023 759 1071 institit.

234 1102 308 1160 Quod
320 1103 347 1150 ni
359 1103 498 1151 Palamedis
509 1103 639 1166 perspicax
650 1103 782 1166 prudentia

77 1191 108 1241 10
233 1182 309 1231 Istius
321 1190 450 1245 percepset
461 1184 608 1231 malitiosam
618 1183 756 1245 audaciam,

232 1263 293 1311 Fide
304 1270 428 1311 sacratum
436 1264 478 1326 jus
490 1270 609 1327 perpetuo
619 1263 740 1312 falleret.”

122 1396 169 1455 Illi
190 1416 266 1469 vero,
282 1417 339 1454 non
360 1398 446 1454 modo
467 1417 533 1455 cum
555 1398 695 1469 hostibus,
710 1399 909 1457 verumetiam

123 1511 189 1550 cum
214 1493 359 1564 fluctibus,
382 1493 423 1568 (id
445 1495 520 1569 quod
541 1494 624 1572 fecit)
647 1493 785 1552 dimicare
806 1496 910 1553 melius

123 1588 186 1658 fuit,
201 1608 285 1662 quam
307 1589 438 1645 deserere
461 1591 687 1647 consentientem
709 1591 852 1649 Graeciam
874 1592 909 1649 ad

77 1705 107 1754 15
123 1684 228 1741 bellum
254 1685 381 1741 barbaris
406 1685 594 1742 inferendum.
647 1686 706 1742 Sed
732 1687 910 1744 dimittamus

123 1791 151 1837 et
166 1780 284 1852 fabulas,
297 1791 325 1836 et
336 1792 470 1838 externa:
493 1782 527 1839 ad
542 1801 602 1838 rem
618 1783 732 1852 saetam,
745 1794 908 1858 nostraque,

122 1876 278 1933 veniamus.
334 1876 374 1933 M.
397 1878 517 1934 Attilius
544 1878 686 1954 Regulus,
707 1898 784 1950 cum,
807 1878 918 1936 oonsul'

123 1972 236 2044 iterum,
252 1973 281 2031 in
303 1975 404 2030 Africi
425 1994 460 2030 ex
481 1974 592 2031 insidiis
613 1985 714 2050 captus
734 1985 819 2046 esset,
835 1976 909 2033 duce

122 2069 290 2145 Xanthippo
333 2071 561 2142 Lacedaemonio,
603 2070 772 2146 imperatore
814 2082 908 2129 autem

74 2182 105 2230 20
121 2178 201 2242 patre
223 2158 405 2238 Hannibalis,
421 2167 596 2238 Hamilcare,
611 2167 722 2243 juratus
743 2168 846 2225 missus
866 2178 909 2225 est

123 2265 158 2320 ad
172 2275 312 2333 senatum,
328 2274 368 2333 ut,
383 2263 438 2319 nisi
453 2263 556 2320 redditi
570 2273 666 2320 essent
687 2264 782 2320 Poenis
804 2265 908 2339 captivi

121 2358 233 2415 nobiles
252 2359 378 2434 qtu'dam,
400 2359 506 2414 rediret
527 2358 587 2432 ipse
608 2359 823 2435 Carthaginem.
869 2360 908 2431 Is,

122 2472 188 2508 oum
204 2453 328 2509 Romam
345 2454 477 2523 venisset,
492 2454 624 2510 utilitatis
637 2454 763 2528 speciem
777 2455 908 2527 videbar,

122 2549 172 2604 sed
192 2568 266 2618 eam,
282 2559 312 2604 nt
333 2568 377 2606 res
398 2549 535 2619 declarat,
551 2549 650 2606 salsam
667 2550 823 2625 judicavit:
846 2572 909 2626 quaa

72 2655 103 2702 25
122 2655 182 2700 erat
203 2644 284 2700 talis:
306 2664 421 2701 manere
436 2645 465 2701 in
478 2645 581 2720 patriti,
596 2664 659 2701 esse
676 2645 753 2702 domi
768 2665 826 2702 suae
841 2667 908 2706 cum

121 2759 217 2810 uxore,
240 2760 306 2797 cum
327 2740 439 2809 liberis3
462 2761 546 2815 quam
568 2741 760 2799 calamitatem
782 2745 909 2818 accepis-

113 2836 212 2894 setin
235 2836 320 2908 bello,
341 2855 524 2895 communem
549 2839 669 2896 sortunae
698 2837 809 2894 bellicae
834 2841 909 2915 judi·

105 2943 240 3007 cantem,
271 2945 375 2995 tenere
407 2934 569 2996 consularis
598 2933 744 3011 dignitatis
777 2936 906 3012 gradum.
