1904 3750
78 633 136 696 128
411 647 455 697 us
476 647 622 697 ormcns.
827 649 867 710 [u.
877 649 909 696 11.

122 795 243 855 multum
257 797 366 870 volunt,
376 816 427 875 per
441 799 569 876 hospites
583 798 657 874 apud
671 807 805 856 externos
819 815 910 874 popu·

122 893 165 951 los
185 894 278 952 valere
299 895 402 971 opibus
422 905 452 953 et
471 895 571 973 gratia.
613 894 832 970 Theophrastus
847 895 909 970 qui-

122 989 187 1046 dem
213 991 324 1062 scribit,
347 991 500 1049 Cimonem
525 991 650 1048 Athenis
676 992 762 1048 etiam
787 991 816 1047 iu
839 1011 909 1049 suos

121 1086 244 1144 curiales
267 1086 410 1145 Laciadas
433 1088 603 1164 hospitalem
631 1087 735 1144 fuisse:
766 1087 807 1144 ita
830 1088 909 1146 euim

89 1186 107 1235 5
121 1181 288 1252 instituisse,
302 1194 331 1241 et
344 1183 449 1241 villicis
469 1184 662 1260 imperavisse,
677 1193 709 1241 ut
722 1184 821 1241 omnia
840 1204 909 1261 prae·

120 1279 265 1353 berentur,
286 1280 460 1357 quicumque
483 1279 625 1339 Laciades
651 1280 682 1338 in
709 1280 806 1338 villam
826 1300 908 1339 suam

121 1375 296 1434 devertisset.

160 1567 245 1627 XIX.
265 1568 343 1631 Quae
358 1580 453 1628 autem
467 1568 565 1645 operi,
575 1588 634 1626 nou
648 1569 811 1646 largitione,
823 1570 908 1626 bene·

121 1665 188 1723 licia
201 1666 314 1737 dantur,
326 1666 389 1723 haec
402 1677 463 1723 tum
474 1666 504 1723 in
515 1666 675 1723 universam
691 1665 906 1742 rempublicam,

74 1765 106 1813 10
120 1771 181 1818 turn
197 1763 226 1819 in
237 1762 364 1839 singulos
376 1763 462 1830 cives,
474 1756 669 1819 conferuntur.
711 1761 787 1820 Nam
802 1763 831 1819 in
843 1762 907 1838 jure

120 1876 232 1930 cavere,
245 1859 365 1916 consilio
376 1859 485 1935 juvare,
499 1869 583 1933 atque
597 1859 651 1917 hoc
662 1859 791 1917 scientim
802 1877 907 1936 genere

119 1955 255 2028 prodesse
276 1973 360 2028 quam
380 1953 520 2030 plurimis,
536 1955 719 2014 vehementer
738 1966 767 2013 et
782 1956 817 2012 ad
838 1974 907 2030 opes

121 2049 266 2125 augendas
286 2050 420 2126 pertinet,
435 2060 464 2107 et
486 2051 521 2107 ad
540 2051 671 2127 gratiam.
713 2052 824 2126 Itaque,
840 2070 906 2108 cum

120 2146 209 2202 multa
228 2147 367 2221 praeclara
386 2146 536 2223 majorum,
551 2158 611 2205 tum
626 2148 703 2222 quod
717 2148 824 2223 optime
839 2167 907 2205 con·

73 2252 104 2300 15
120 2242 210 2299 stituti
230 2243 303 2318 juris
322 2243 414 2301 civilis
433 2263 544 2301 summo
561 2262 671 2319 semper
686 2244 716 2301 in
732 2245 838 2302 honore
854 2245 907 2302 suit

120 2339 248 2414 cognitio
267 2328 355 2413 'atque
373 2340 570 2415 interpretatio
585 2339 684 2415 (quam
699 2341 824 2416 quidem,
841 2353 906 2399 ante

119 2433 194 2491 hanc
209 2435 407 2492 confusionem
429 2445 599 2511 temporum,
616 2437 645 2494 in
659 2438 839 2513 possessione
854 2439 906 2495 sud

118 2531 264 2606 principes
290 2532 500 2613 retinuerunt),
536 2552 624 2604 nuuc,
652 2544 684 2590 ut
713 2533 847 2605 honores,
875 2543 906 2591 ut

118 2647 217 2686 omnes
231 2627 379 2705 dignitatis
390 2631 504 2706 gradus,
516 2630 559 2687 sic
574 2629 658 2705 hujus
672 2629 801 2687 scientiae
814 2632 907 2705 splen·

71 2734 103 2784 20
119 2723 170 2780 dor
195 2724 306 2782 deletus
330 2735 389 2783 est:
418 2726 504 2799 idque
528 2744 564 2782 eo
588 2725 745 2802 indignius,
770 2728 846 2801 quod
870 2746 906 2784 eo

118 2829 245 2896 ternpore
265 2821 322 2879 hoc
343 2822 475 2898 contigit,
497 2841 563 2879 cum
585 2821 609 2878 is
629 2832 713 2891 esset,
734 2822 783 2895 qui
806 2842 906 2881 ornnes

118 2918 287 2992 superiores,
316 2917 418 2992 quibus
452 2918 561 2975 honore
592 2937 643 2994 par
670 2929 754 2988 esset,
783 2919 907 2978 scientia

118 3012 203 3071 facile
223 3014 346 3070 vicisset.
388 3013 462 3071 Haec
483 3015 570 3091 igitur
590 3032 677 3089 opera
696 3025 778 3090 grata
798 3017 905 3088 multis,

117 3118 147 3165 et
168 3109 204 3165 ad
225 3109 373 3184 beneficiis
392 3109 614 3188 obstringendos
637 3110 770 3168 homines
795 3131 907 3171 accom-

70 3215 102 3263 25
118 3206 240 3263 modata.

152 3301 255 3374 Atque
273 3299 344 3359 huic
365 3302 418 3359 arti
438 3301 561 3361 finitima
583 3312 627 3360 est
650 3301 768 3361 dicendi
795 3304 908 3382 gravior

97 3390 240 3471 ocultae,
267 3409 302 3460 et
329 3399 454 3482 gratior,
480 3409 510 3461 et
536 3399 669 3462 ornatior.
717 3400 802 3466 Quid
828 3402 907 3465 enim
