1904 3750
69 649 110 718 53
201 708 204 712 ,
410 649 454 698 nn
472 650 618 699 ormena.
837 654 877 716 n.

156 802 275 862 XXIX.
296 800 401 859 Omnis
422 811 519 859 antem
540 801 617 861 aotio
635 821 738 860 vacare
760 802 848 862 debet
866 815 877 864 t

117 901 284 958 meritateet
293 898 486 976 negligentid3
501 916 557 955 nec
567 918 635 956 vero
645 919 729 976 agere
743 900 875 976 quicquat

118 997 200 1072 cujus
227 1014 287 1052 non
313 994 403 1070 possit
427 1012 544 1052 causam
570 996 749 1070 probabilem
775 999 873 1056 reddet

118 1092 193 1150 Haec
213 1102 257 1148 est
277 1091 355 1148 enim
375 1090 435 1147 sere
458 1090 615 1166 descriptio
633 1092 731 1151 officii.
772 1093 872 1152 Efficit

86 1189 187 1245 5dum
215 1198 311 1245 autem
338 1195 392 1258 est,
414 1196 447 1243 ut
469 1186 612 1262 appetitus
631 1188 738 1247 rationi
760 1190 870 1248 obedia

118 1302 240 1358 eamque
253 1300 348 1358 neque
359 1292 547 1358 praecurrant,
558 1300 624 1355 nec,
635 1293 750 1361 propter
763 1285 868 1363 pigritia

120 1391 170 1438 aut
184 1379 338 1458 ignaviam,
351 1379 503 1449 deserant3
525 1378 639 1454 sintque
653 1381 811 1456 tranquilli,
825 1391 866 1459 atq

119 1476 200 1533 omni
219 1473 434 1552 perturbatione
453 1474 541 1531 animi
562 1485 696 1534 careant:
718 1495 755 1534 ex
774 1496 830 1552 quo
850 1496 865 1535 e

119 1572 198 1629 oebit
229 1571 323 1630 omnis
357 1570 529 1643 constantia,
554 1572 705 1648 omnisque
739 1574 863 1632 moderat

72 1679 104 1729 10
116 1668 196 1726 Nam
218 1669 268 1743 qui
290 1667 432 1743 appetitus
452 1666 566 1744 longius
586 1680 754 1745 evagantur,
783 1679 812 1727 et
833 1670 859 1747 (t

118 1783 204 1840 quam
224 1764 400 1821 exsultantes
421 1761 480 1818 sive
503 1763 649 1839 cupiendo
671 1765 730 1822 sive
755 1765 860 1842 fugiem

118 1880 177 1918 non
191 1861 260 1918 satis
272 1860 408 1917 aratione
419 1858 589 1932 retinentur,
600 1860 629 1918 hi
641 1861 704 1918 sine
718 1861 808 1919 dubio
819 1862 859 1919 fin

118 1967 147 2013 et
174 1956 290 2013 modum
314 1965 479 2012 transeunt:
508 1955 673 2031 relinquunt
695 1957 819 2015 enimet
840 1977 857 2016 a

119 2053 201 2110 ciunt
221 2052 435 2122 obedientiam
456 2071 513 2109 nec
527 2053 632 2110 rationi
651 2063 763 2129 parent,
779 2054 854 2112 cuis

72 2158 104 2207 15
119 2149 242 2225 subjecti
261 2148 326 2224 lege
347 2158 476 2205 naturae:
498 2150 632 2223 aquibus
647 2169 703 2208 non
718 2151 804 2207 modo
819 2170 854 2208 an

118 2246 331 2322 perturbantur,
346 2246 397 2302 sed
411 2245 499 2302 etiam
513 2264 644 2320 corpora.
685 2246 770 2305 Licet
783 2265 833 2304 ora
847 2247 852 2304 i

119 2360 239 2399 cernere
260 2341 407 2413 iratorum,
423 2351 471 2399 aut
484 2360 582 2399 eorum
597 2342 646 2416 qui
662 2353 710 2399 aut
724 2342 848 2400 libidine·

119 2439 177 2513 qub
192 2448 240 2495 aut
254 2447 333 2495 metu
347 2437 484 2494 commoti
499 2450 575 2509 sunt,
591 2448 639 2495 aut
653 2440 797 2514 voluptate
817 2439 848 2496 ni

120 2535 263 2612 gestiunt3
285 2550 406 2608 quorum
427 2534 557 2591 omnium
575 2535 679 2607 vultus,
694 2553 789 2608 voces,
804 2554 847 2594 mo

72 2645 105 2695 20
121 2641 277 2705 statusque,
293 2640 447 2688 mutantur.

161 2727 206 2784 Ex
226 2727 329 2802 quibus
349 2727 419 2783 illud
440 2726 617 2802 intelligitur,
633 2725 679 2804 (ut
698 2728 733 2784 ad
748 2726 837 2784 officii

121 2842 197 2880 mam
217 2822 405 2900 revertamur)
423 2823 563 2898 appetitus
582 2841 682 2880 omnes
696 2823 842 2880 contrahet

121 2919 329 2994 sedandosque,
358 2918 597 2992 excitandamque
631 2918 840 2976 animadversio

121 3025 150 3071 et
170 3014 358 3091 diligentiam,
378 3022 410 3071 ut
430 3031 467 3070 ne
487 3013 555 3088 quid
581 3024 689 3072 temere
718 3033 753 3072 ac
778 3015 839 3072 forti

72 3119 104 3168 25
121 3110 343 3182 inconsiderate,
371 3109 608 3186 negligenterque
636 3128 761 3186 agamus.
803 3111 838 3169 N⁴

120 3207 198 3263 enim
219 3206 259 3263 ita
278 3205 407 3284 generati
428 3224 445 3262 a
464 3206 567 3262 naturd
588 3224 696 3277 sumus,
710 3215 742 3264 ut
756 3206 792 3263 ad
807 3207 837 3265 lu

115 3308 148 3354 et
160 3299 264 3372 jocum
280 3298 349 3357 sacti
363 3317 426 3356 ease
439 3298 597 3370 videamur,
611 3298 662 3356 sed
678 3299 712 3356 ad
727 3300 835 3358 severit

93 3390 214 3465 potins,
230 3405 261 3453 et
275 3397 314 3455 ud
328 3396 465 3476 quaedam
482 3395 581 3458 studia
598 3395 729 3475 gratiora
745 3407 830 3473 atque
