1904 3750
88 259 130 320 at
383 249 471 318 cauo
489 270 682 332 urrunnun

137 416 365 491 inimicitiarum,
381 420 572 496 cupiditatum
587 420 726 492 omnium,
741 437 843 476 secum
855 436 929 492 esse,

137 535 293 592 secumque
319 516 365 594 (ut
391 517 512 596 dicitur)
541 517 650 574 viverel
693 516 727 573 Si
747 534 817 572 vero
842 517 929 574 habet

138 613 253 689 aliquod
276 622 410 688 tanquam
423 613 559 688 pabulum
575 613 662 670 studii
678 621 762 687 atque
777 612 929 684 doctrinae,

137 709 208 766 nihil
224 718 267 765 est
281 709 374 766 otiosi
385 718 535 766 senectute
545 708 711 785 jucundius.
754 706 832 764 Mori
846 727 929 783 piene

105 807 122 856 5
137 804 313 877 videbamus,
326 805 355 861 in
370 805 466 862 studio
475 804 645 861 dimetiendi
654 804 720 860 coeli
735 815 821 879 atque
835 815 927 876 terrae,

66 954 70 962 ‚
137 900 171 958 C.
186 901 313 973 Gallum,
328 902 496 958 familiarem
517 901 608 976 patris
628 900 680 970 tui,
696 900 804 975 Scipio.
846 899 927 962 Quo-

96 983 100 991 ’
136 997 191 1054 ties
205 998 285 1056 illum
300 1000 348 1056 lux
361 1008 450 1055 noctu
463 997 568 1073 aliquid
580 997 744 1052 describere
755 996 926 1072 ingressum,

136 1095 249 1170 quoties
263 1114 321 1152 nox
333 1095 482 1170 oppressit,
495 1113 561 1150 cnm
576 1110 661 1149 mane
676 1091 825 1166 coepissetl
842 1111 925 1168 quam

136 1189 300 1249 delectabat
320 1210 396 1261 cum,
411 1190 588 1247 defectiones
609 1189 677 1245 solis
695 1198 724 1243 et
745 1187 821 1244 lunae
836 1189 926 1246 multo

91 1280 122 1331 ¹⁰
135 1288 220 1346 nobis
231 1297 296 1345 ante
309 1286 482 1362 praedicere!

173 1383 257 1446 Quid
277 1383 307 1440 in
326 1382 482 1439 levioribus
502 1381 615 1453 studiis,
630 1380 680 1437 sed
701 1390 798 1438 tamen
814 1381 926 1439 acutisl

135 1499 220 1556 quam
234 1478 378 1556 gaudebat
391 1478 474 1534 Bello
488 1496 541 1535 suo
555 1476 668 1535 Punico
682 1476 818 1534 Naevius!
841 1497 926 1553 quam

134 1575 317 1632 Truculento
356 1573 493 1630 Plautus!
534 1592 619 1647 quam
652 1573 814 1630 Pseudolo!
856 1573 927 1631 Vidi

135 1671 221 1727 etiam
243 1688 341 1727 senem
362 1669 493 1726 Livium:
515 1669 574 1743 qui,
590 1687 656 1725 cum
678 1688 728 1725 sex
744 1689 834 1725 annos
850 1682 925 1740 ante,

90 1766 121 1815 15
135 1786 219 1841 quarn
234 1785 289 1842 ego
300 1776 384 1823 natus
399 1785 472 1836 sum,
485 1766 610 1822 fabulam
625 1766 779 1836 docuisset,
792 1766 925 1822 Centone

135 1863 340 1939 Tuditanoque
356 1863 532 1932 consulibua,
549 1881 637 1937 usque
653 1862 688 1919 ad
702 1862 923 1918 adolescentiam

134 1979 227 2017 meam
240 1960 380 2034 processit
391 1970 482 2016 aetate.
523 1958 606 2020 Quid
618 1959 654 2014 de
665 1958 696 2015 P.
709 1958 817 2015 Licinii
827 1958 924 2015 Crassi

135 2067 164 2114 et
176 2057 318 2132 pontificii
333 2068 361 2112 et
375 2056 468 2112 civilis
486 2056 558 2131 juris
572 2055 668 2111 studio
681 2055 803 2128 loquarl
826 2066 874 2111 aut
889 2055 924 2110 de

135 2154 219 2230 hujus
233 2153 264 2210 P.
278 2153 434 2228 Scipionis,
447 2152 494 2226 qui
509 2151 553 2208 his
567 2151 668 2226 paucis
679 2150 780 2207 diebus
794 2151 924 2225 pontifex

87 2247 119 2296 2⁰
135 2251 275 2308 maximus
304 2250 397 2306 sactus
424 2251 486 2305 estl
528 2248 618 2323 Atqui
646 2265 696 2303 eos
720 2264 830 2317 omnes,
853 2266 924 2321 quos

135 2347 365 2415 commemoravi,
388 2346 432 2401 his
453 2344 555 2401 studiis
576 2344 729 2419 flagrantes
750 2361 834 2398 senes
855 2343 925 2399 vidi·

134 2462 206 2499 mus.
249 2441 290 2498 M.
312 2460 380 2497 vero
402 2441 574 2515 Cethegum,
589 2458 674 2515 quem
695 2449 774 2495 recte
790 2439 923 2495 “Suada

133 2538 312 2595 medullam”
328 2537 399 2593 dixit
420 2535 542 2606 Ennius,
558 2546 664 2609 quanto
686 2534 781 2590 studio
796 2536 923 2593 exerceri

133 2634 163 2691 in
178 2632 303 2689 dicendo
319 2632 494 2701 videbamus,
506 2631 593 2687 etiarn
608 2631 723 2687 seneml
765 2630 842 2690 Qum
857 2642 923 2688 sunt

85 2743 117 2793 25
133 2730 220 2806 igitur
248 2728 406 2802 epularum,
433 2738 481 2784 aut
508 2726 652 2798 ludorum,
676 2737 724 2783 aut
751 2738 922 2798 scortorum,

132 2826 291 2899 voluptates
319 2843 384 2880 curn
414 2824 458 2879 his
479 2823 672 2897 voluptatibus
699 2824 922 2895 comparandael

129 2920 228 2996 Atque
242 2920 305 2976 haec
318 2920 433 2995 quidem
449 2919 544 2976 studia
559 2919 713 2986 doctrinae;
728 2936 790 2991 quae
805 2919 922 2991 quidem

111 3017 319 3091 prudentibus
340 3029 370 3078 et
383 3019 461 3078 bene
480 3014 735 3091 instituusparttex
755 3031 825 3070 oum
838 3026 922 3072 aetate
