<?xml version="1.0" encoding="UTF-8"?>
<!DOCTYPE html PUBLIC "-//W3C//DTD XHTML 1.0 Transitional//EN"
    "http://www.w3.org/TR/xhtml1/DTD/xhtml1-transitional.dtd">
<html xmlns="http://www.w3.org/1999/xhtml" xml:lang="en" lang="en">
 <head>
  <title>
</title>
<meta http-equiv="Content-Type" content="text/html;charset=utf-8" />
  <meta name='ocr-system' content='tesseract 3.04.00' />
  <meta name='ocr-capabilities' content='ocr_page ocr_carea ocr_par ocr_line ocrx_word'/>
</head>
<body>
  <div class='ocr_page' id='page_1' title='image "./mtciceronisdeof00dillgoog/mtciceronisdeof00dillgoog_0111.png"; bbox 0 0 1934 3398; ppageno 0'>
   <div class='ocr_carea' id='block_1_1' title="bbox 62 194 903 263">
    <p class='ocr_par' dir='ltr' id='par_1_1' title="bbox 62 194 903 263">
     <span class='ocr_line' id='line_1_1' title="bbox 62 194 903 263; baseline -0.01 -7"><span class='ocrx_word' id='word_1_1' title='bbox 62 194 133 256; x_wconf 69' lang='lat'><strong>,104</strong></span> <span class='ocrx_word' id='word_1_2' title='bbox 401 204 443 252; x_wconf 79' lang='lat' dir='ltr'><strong>nn</strong></span> <span class='ocrx_word' id='word_1_3' title='bbox 466 203 612 251; x_wconf 78' lang='lat' dir='ltr'><strong>oramus.</strong></span> <span class='ocrx_word' id='word_1_4' title='bbox 736 203 740 210; x_wconf 92' lang='lat'>·</span> <span class='ocrx_word' id='word_1_5' title='bbox 818 199 903 263; x_wconf 71' lang='lat' dir='ltr'><strong>[nn.</strong></span> 
     </span>
    </p>
   </div>
   <div class='ocr_carea' id='block_1_2' title="bbox 55 351 905 3055">
    <p class='ocr_par' dir='ltr' id='par_1_2' title="bbox 66 351 905 2278">
     <span class='ocr_line' id='line_1_2' title="bbox 111 351 903 430; baseline -0.008 -15"><span class='ocrx_word' id='word_1_6' title='bbox 111 354 242 427; x_wconf 87' lang='lat' dir='ltr'><strong>mestica,</strong></span> <span class='ocrx_word' id='word_1_7' title='bbox 264 356 408 414; x_wconf 88' lang='lat' dir='ltr'><strong>recordor.</strong></span> <span class='ocrx_word' id='word_1_8' title='bbox 450 355 656 413; x_wconf 79' lang='lat' dir='ltr'><strong>Verumtamen</strong></span> <span class='ocrx_word' id='word_1_9' title='bbox 685 351 821 430; x_wconf 88' lang='lat' dir='ltr'><strong>quamdiu</strong></span> <span class='ocrx_word' id='word_1_10' title='bbox 848 351 903 410; x_wconf 91' lang='lat' dir='ltr'><strong>im-</strong></span> 
     </span>
     <span class='ocr_line' id='line_1_3' title="bbox 111 451 901 530; baseline -0.005 -20"><span class='ocrx_word' id='word_1_11' title='bbox 111 454 222 530; x_wconf 88' lang='lat' dir='ltr'><strong>perium</strong></span> <span class='ocrx_word' id='word_1_12' title='bbox 242 453 341 530; x_wconf 94' lang='lat' dir='ltr'><strong>populi</strong></span> <span class='ocrx_word' id='word_1_13' title='bbox 360 453 487 510; x_wconf 88' lang='lat' dir='ltr'><strong>Romani</strong></span> <span class='ocrx_word' id='word_1_14' title='bbox 502 452 652 510; x_wconf 90' lang='lat' dir='ltr'><strong>beneficiis</strong></span> <span class='ocrx_word' id='word_1_15' title='bbox 665 451 825 520; x_wconf 82' lang='lat' dir='ltr'><strong>tenebatur,</strong></span> <span class='ocrx_word' id='word_1_16' title='bbox 839 468 901 507; x_wconf 90' lang='lat' dir='ltr'><strong>non</strong></span> 
     </span>
     <span class='ocr_line' id='line_1_4' title="bbox 111 546 902 626; baseline -0.006 -19"><span class='ocrx_word' id='word_1_17' title='bbox 111 549 233 626; x_wconf 88' lang='lat' dir='ltr'><strong>injuriis,</strong></span> <span class='ocrx_word' id='word_1_18' title='bbox 262 549 337 606; x_wconf 91' lang='lat' dir='ltr'><strong>bella</strong></span> <span class='ocrx_word' id='word_1_19' title='bbox 365 559 413 605; x_wconf 89' lang='lat' dir='ltr'><strong>aut</strong></span> <span class='ocrx_word' id='word_1_20' title='bbox 439 568 491 624; x_wconf 91' lang='lat' dir='ltr'><strong>pro</strong></span> <span class='ocrx_word' id='word_1_21' title='bbox 524 548 613 606; x_wconf 91' lang='lat' dir='ltr'><strong>sociis</strong></span> <span class='ocrx_word' id='word_1_22' title='bbox 641 558 689 605; x_wconf 91' lang='lat' dir='ltr'><strong>aut</strong></span> <span class='ocrx_word' id='word_1_23' title='bbox 716 547 753 604; x_wconf 91' lang='lat' dir='ltr'><strong>de</strong></span> <span class='ocrx_word' id='word_1_24' title='bbox 779 546 902 623; x_wconf 89' lang='lat' dir='ltr'><strong>imperio</strong></span> 
     </span>
     <span class='ocr_line' id='line_1_5' title="bbox 111 643 903 726; baseline -0.003 -22"><span class='ocrx_word' id='word_1_25' title='bbox 111 648 300 726; x_wconf 82' lang='lat' dir='ltr'><strong>gerebantur;</strong></span> <span class='ocrx_word' id='word_1_26' title='bbox 323 646 416 704; x_wconf 86' lang='lat' dir='ltr'><strong>exitus</strong></span> <span class='ocrx_word' id='word_1_27' title='bbox 430 655 512 703; x_wconf 89' lang='lat' dir='ltr'><strong>erant</strong></span> <span class='ocrx_word' id='word_1_28' title='bbox 526 646 664 704; x_wconf 91' lang='lat' dir='ltr'><strong>bellorum</strong></span> <span class='ocrx_word' id='word_1_29' title='bbox 680 654 729 702; x_wconf 90' lang='lat' dir='ltr'><strong>aut</strong></span> <span class='ocrx_word' id='word_1_30' title='bbox 743 643 838 716; x_wconf 89' lang='lat' dir='ltr'><strong>mites,</strong></span> <span class='ocrx_word' id='word_1_31' title='bbox 853 653 903 702; x_wconf 80' lang='lat' dir='ltr'><strong>eut</strong></span> 
     </span>
     <span class='ocr_line' id='line_1_6' title="bbox 81 742 905 820; baseline -0.005 -18"><span class='ocrx_word' id='word_1_32' title='bbox 81 758 98 808; x_wconf 77' lang='lat'><strong>5</strong></span> <span class='ocrx_word' id='word_1_33' title='bbox 111 745 276 802; x_wconf 86' lang='lat' dir='ltr'><strong>necessarii.</strong></span> <span class='ocrx_word' id='word_1_34' title='bbox 318 744 445 820; x_wconf 86' lang='lat' dir='ltr'>Regum,</span> <span class='ocrx_word' id='word_1_35' title='bbox 466 743 645 820; x_wconf 91' lang='lat' dir='ltr'><strong>populorum,</strong></span> <span class='ocrx_word' id='word_1_36' title='bbox 661 742 825 813; x_wconf 88' lang='lat' dir='ltr'><strong>nationum,</strong></span> <span class='ocrx_word' id='word_1_37' title='bbox 838 760 905 817; x_wconf 89' lang='lat' dir='ltr'><strong>por·</strong></span> 
     </span>
     <span class='ocr_line' id='line_1_7' title="bbox 111 823 903 918; baseline -0.005 -18"><span class='ocrx_word' id='word_1_38' title='bbox 111 853 158 900; x_wconf 86' lang='lat' dir='ltr'><strong>tus</strong></span> <span class='ocrx_word' id='word_1_39' title='bbox 185 852 246 899; x_wconf 87' lang='lat' dir='ltr'><strong>erat</strong></span> <span class='ocrx_word' id='word_1_40' title='bbox 272 851 301 899; x_wconf 92' lang='lat' dir='ltr'><strong>et</strong></span> <span class='ocrx_word' id='word_1_41' title='bbox 327 841 471 918; x_wconf 86' lang='lat' dir='ltr'><strong>refugium</strong></span> <span class='ocrx_word' id='word_1_42' title='bbox 499 823 624 898; x_wconf 86' lang='lat' dir='ltr'><strong>senatus.</strong></span> <span class='ocrx_word' id='word_1_43' title='bbox 674 837 776 897; x_wconf 86' lang='lat' dir='ltr'>Nostri</span> <span class='ocrx_word' id='word_1_44' title='bbox 805 849 903 897; x_wconf 92' lang='lat' dir='ltr'><strong>autem</strong></span> 
     </span>
     <span class='ocr_line' id='line_1_8' title="bbox 110 935 902 1017; baseline -0.008 -18"><span class='ocrx_word' id='word_1_45' title='bbox 110 940 295 1017; x_wconf 78' lang='lat' dir='ltr'><strong>magistratus</strong></span> <span class='ocrx_word' id='word_1_46' title='bbox 328 938 580 1014; x_wconf 83' lang='lat' dir='ltr'><strong>imperatoresque,</strong></span> <span class='ocrx_word' id='word_1_47' title='bbox 607 956 644 994; x_wconf 86' lang='lat' dir='ltr'><strong>ex</strong></span> <span class='ocrx_word' id='word_1_48' title='bbox 677 937 733 993; x_wconf 90' lang='lat' dir='ltr'><strong>hac</strong></span> <span class='ocrx_word' id='word_1_49' title='bbox 766 935 827 993; x_wconf 73' lang='lat' dir='ltr'><strong>und</strong></span> <span class='ocrx_word' id='word_1_50' title='bbox 860 955 902 1008; x_wconf 89' lang='lat' dir='ltr'><strong>re,</strong></span> 
     </span>
     <span class='ocr_line' id='line_1_9' title="bbox 110 1033 904 1112; baseline -0.008 -15"><span class='ocrx_word' id='word_1_51' title='bbox 110 1037 266 1097; x_wconf 85' lang='lat' dir='ltr'><strong>maximam</strong></span> <span class='ocrx_word' id='word_1_52' title='bbox 292 1037 406 1095; x_wconf 91' lang='lat' dir='ltr'><strong>laudern</strong></span> <span class='ocrx_word' id='word_1_53' title='bbox 434 1054 538 1112; x_wconf 86' lang='lat' dir='ltr'><strong>capere</strong></span> <span class='ocrx_word' id='word_1_54' title='bbox 558 1035 722 1105; x_wconf 85' lang='lat' dir='ltr'><strong>studebant,</strong></span> <span class='ocrx_word' id='word_1_55' title='bbox 742 1033 768 1090; x_wconf 91' lang='lat' dir='ltr'><strong>si</strong></span> <span class='ocrx_word' id='word_1_56' title='bbox 787 1034 904 1109; x_wconf 85' lang='lat' dir='ltr'><strong>provin·</strong></span> 
     </span>
     <span class='ocr_line' id='line_1_10' title="bbox 112 1130 900 1208; baseline -0.01 -13"><span class='ocrx_word' id='word_1_57' title='bbox 112 1136 183 1208; x_wconf 89' lang='lat' dir='ltr'><strong>cias,</strong></span> <span class='ocrx_word' id='word_1_58' title='bbox 208 1136 233 1194; x_wconf 88' lang='lat' dir='ltr'><strong>si</strong></span> <span class='ocrx_word' id='word_1_59' title='bbox 260 1135 366 1206; x_wconf 81' lang='lat' dir='ltr'><strong>socios,</strong></span> <span class='ocrx_word' id='word_1_60' title='bbox 393 1133 527 1208; x_wconf 78' lang='lat' dir='ltr'><strong>equitate</strong></span> <span class='ocrx_word' id='word_1_61' title='bbox 554 1143 583 1190; x_wconf 90' lang='lat' dir='ltr'><strong>et</strong></span> <span class='ocrx_word' id='word_1_62' title='bbox 610 1133 667 1189; x_wconf 86' lang='lat' dir='ltr'><strong>lide</strong></span> <span class='ocrx_word' id='word_1_63' title='bbox 694 1130 900 1188; x_wconf 85' lang='lat' dir='ltr'><strong>defendissent.</strong></span> 
     </span>
     <span class='ocr_line' id='line_1_11' title="bbox 66 1228 901 1308; baseline -0.01 -16"><span class='ocrx_word' id='word_1_64' title='bbox 66 1229 98 1280; x_wconf 88' lang='lat'><strong>1⁰</strong></span> <span class='ocrx_word' id='word_1_65' title='bbox 111 1233 213 1308; x_wconf 90' lang='lat' dir='ltr'><strong>Itaque</strong></span> <span class='ocrx_word' id='word_1_66' title='bbox 246 1233 318 1290; x_wconf 92' lang='lat' dir='ltr'><strong>illud</strong></span> <span class='ocrx_word' id='word_1_67' title='bbox 349 1230 543 1308; x_wconf 82' lang='lat' dir='ltr'><strong>patrocinium</strong></span> <span class='ocrx_word' id='word_1_68' title='bbox 571 1229 650 1286; x_wconf 91' lang='lat' dir='ltr'><strong>orbis</strong></span> <span class='ocrx_word' id='word_1_69' title='bbox 681 1239 765 1286; x_wconf 74' lang='lat' dir='ltr'><strong>terrae</strong></span> <span class='ocrx_word' id='word_1_70' title='bbox 795 1228 901 1299; x_wconf 84' lang='lat' dir='ltr'><strong>verius,</strong></span> 
     </span>
     <span class='ocr_line' id='line_1_12' title="bbox 112 1325 900 1407; baseline -0.009 -19"><span class='ocrx_word' id='word_1_71' title='bbox 112 1350 197 1407; x_wconf 91' lang='lat' dir='ltr'><strong>quam</strong></span> <span class='ocrx_word' id='word_1_72' title='bbox 232 1328 394 1407; x_wconf 89' lang='lat' dir='ltr'><strong>imperium,</strong></span> <span class='ocrx_word' id='word_1_73' title='bbox 427 1336 540 1402; x_wconf 86' lang='lat' dir='ltr'><strong>poterat</strong></span> <span class='ocrx_word' id='word_1_74' title='bbox 573 1325 725 1383; x_wconf 88' lang='lat' dir='ltr'><strong>nominari.</strong></span> <span class='ocrx_word' id='word_1_75' title='bbox 786 1325 900 1382; x_wconf 86' lang='lat' dir='ltr'><strong>Sensim</strong></span> 
     </span>
     <span class='ocr_line' id='line_1_13' title="bbox 111 1422 903 1499; baseline -0.005 -15"><span class='ocrx_word' id='word_1_76' title='bbox 111 1427 188 1484; x_wconf 89' lang='lat' dir='ltr'><strong>hanc</strong></span> <span class='ocrx_word' id='word_1_77' title='bbox 215 1425 453 1484; x_wconf 89' lang='lat' dir='ltr'><strong>consuetudinem</strong></span> <span class='ocrx_word' id='word_1_78' title='bbox 475 1435 504 1481; x_wconf 93' lang='lat' dir='ltr'><strong>et</strong></span> <span class='ocrx_word' id='word_1_79' title='bbox 525 1422 708 1498; x_wconf 81' lang='lat' dir='ltr'><strong>disciplinam</strong></span> <span class='ocrx_word' id='word_1_80' title='bbox 731 1423 792 1499; x_wconf 86' lang='lat' dir='ltr'><strong>jam</strong></span> <span class='ocrx_word' id='word_1_81' title='bbox 817 1433 903 1480; x_wconf 90' lang='lat' dir='ltr'><strong>antea</strong></span> 
     </span>
     <span class='ocr_line' id='line_1_14' title="bbox 111 1519 902 1598; baseline -0.004 -19"><span class='ocrx_word' id='word_1_82' title='bbox 111 1522 328 1591; x_wconf 87' lang='lat' dir='ltr'><strong>minuebamus;</strong></span> <span class='ocrx_word' id='word_1_83' title='bbox 349 1532 413 1598; x_wconf 90' lang='lat' dir='ltr'><strong>post</strong></span> <span class='ocrx_word' id='word_1_84' title='bbox 426 1540 494 1578; x_wconf 90' lang='lat' dir='ltr'><strong>vero</strong></span> <span class='ocrx_word' id='word_1_85' title='bbox 509 1520 597 1577; x_wconf 84' lang='lat' dir='ltr'><strong>Sullae</strong></span> <span class='ocrx_word' id='word_1_86' title='bbox 611 1519 771 1591; x_wconf 84' lang='lat' dir='ltr'><strong>victoriam,</strong></span> <span class='ocrx_word' id='word_1_87' title='bbox 785 1519 902 1595; x_wconf 86' lang='lat' dir='ltr'><strong>penitus</strong></span> 
     </span>
     <span class='ocr_line' id='line_1_15' title="bbox 113 1616 901 1692; baseline -0.001 -17"><span class='ocrx_word' id='word_1_88' title='bbox 113 1618 276 1676; x_wconf 86' lang='lat' dir='ltr'><strong>amisimus:</strong></span> <span class='ocrx_word' id='word_1_89' title='bbox 310 1618 434 1675; x_wconf 87' lang='lat' dir='ltr'><strong>desitum</strong></span> <span class='ocrx_word' id='word_1_90' title='bbox 458 1628 502 1674; x_wconf 86' lang='lat' dir='ltr'><strong>est</strong></span> <span class='ocrx_word' id='word_1_91' title='bbox 528 1616 605 1674; x_wconf 90' lang='lat' dir='ltr'><strong>enim</strong></span> <span class='ocrx_word' id='word_1_92' title='bbox 630 1617 720 1674; x_wconf 89' lang='lat' dir='ltr'><strong>videri</strong></span> <span class='ocrx_word' id='word_1_93' title='bbox 744 1616 901 1692; x_wconf 90' lang='lat' dir='ltr'><strong>quidquam</strong></span> 
     </span>
     <span class='ocr_line' id='line_1_16' title="bbox 67 1713 902 1790; baseline 0.001 -21"><span class='ocrx_word' id='word_1_94' title='bbox 67 1718 98 1769; x_wconf 82' lang='lat'><strong>15</strong></span> <span class='ocrx_word' id='word_1_95' title='bbox 113 1715 143 1772; x_wconf 91' lang='lat' dir='ltr'><strong>in</strong></span> <span class='ocrx_word' id='word_1_96' title='bbox 164 1714 259 1772; x_wconf 85' lang='lat' dir='ltr'><strong>socios</strong></span> <span class='ocrx_word' id='word_1_97' title='bbox 280 1715 419 1790; x_wconf 88' lang='lat' dir='ltr'><strong>iniquum,</strong></span> <span class='ocrx_word' id='word_1_98' title='bbox 435 1734 502 1772; x_wconf 90' lang='lat' dir='ltr'><strong>cum</strong></span> <span class='ocrx_word' id='word_1_99' title='bbox 516 1715 671 1772; x_wconf 85' lang='lat' dir='ltr'><strong>exstitisset</strong></span> <span class='ocrx_word' id='word_1_100' title='bbox 684 1713 715 1771; x_wconf 93' lang='lat' dir='ltr'><strong>in</strong></span> <span class='ocrx_word' id='word_1_101' title='bbox 729 1714 808 1771; x_wconf 88' lang='lat' dir='ltr'><strong>cives</strong></span> <span class='ocrx_word' id='word_1_102' title='bbox 821 1723 902 1770; x_wconf 89' lang='lat' dir='ltr'><strong>tanta</strong></span> 
     </span>
     <span class='ocr_line' id='line_1_17' title="bbox 113 1811 901 1890; baseline -0.001 -21"><span class='ocrx_word' id='word_1_103' title='bbox 113 1811 275 1869; x_wconf 90' lang='lat' dir='ltr'><strong>crudelitas.</strong></span> <span class='ocrx_word' id='word_1_104' title='bbox 317 1812 395 1890; x_wconf 86' lang='lat' dir='ltr'><strong>Ergo</strong></span> <span class='ocrx_word' id='word_1_105' title='bbox 421 1813 451 1871; x_wconf 91' lang='lat' dir='ltr'><strong>in</strong></span> <span class='ocrx_word' id='word_1_106' title='bbox 479 1813 528 1871; x_wconf 93' lang='lat' dir='ltr'><strong>illo</strong></span> <span class='ocrx_word' id='word_1_107' title='bbox 556 1823 656 1870; x_wconf 89' lang='lat' dir='ltr'><strong>secuta</strong></span> <span class='ocrx_word' id='word_1_108' title='bbox 683 1821 726 1868; x_wconf 91' lang='lat' dir='ltr'><strong>est</strong></span> <span class='ocrx_word' id='word_1_109' title='bbox 750 1813 901 1869; x_wconf 78' lang='lat' dir='ltr'><strong>honestam</strong></span> 
     </span>
     <span class='ocr_line' id='line_1_18' title="bbox 112 1909 902 1967; baseline 0 -1"><span class='ocrx_word' id='word_1_110' title='bbox 112 1927 229 1966; x_wconf 86' lang='lat' dir='ltr'><strong>causam</strong></span> <span class='ocrx_word' id='word_1_111' title='bbox 249 1927 308 1966; x_wconf 91' lang='lat' dir='ltr'><strong>non</strong></span> <span class='ocrx_word' id='word_1_112' title='bbox 328 1910 450 1967; x_wconf 90' lang='lat' dir='ltr'><strong>honesta</strong></span> <span class='ocrx_word' id='word_1_113' title='bbox 470 1910 598 1967; x_wconf 87' lang='lat' dir='ltr'><strong>victoria.</strong></span> <span class='ocrx_word' id='word_1_114' title='bbox 640 1909 694 1966; x_wconf 88' lang='lat' dir='ltr'><strong>Est</strong></span> <span class='ocrx_word' id='word_1_115' title='bbox 713 1909 793 1966; x_wconf 88' lang='lat' dir='ltr'><strong>enirn</strong></span> <span class='ocrx_word' id='word_1_116' title='bbox 815 1928 902 1966; x_wconf 88' lang='lat' dir='ltr'><strong>ausus</strong></span> 
     </span>
     <span class='ocr_line' id='line_1_19' title="bbox 112 2005 902 2082; baseline 0 -20"><span class='ocrx_word' id='word_1_117' title='bbox 112 2005 219 2077; x_wconf 89' lang='lat' dir='ltr'><strong>dicere,</strong></span> <span class='ocrx_word' id='word_1_118' title='bbox 235 2006 317 2063; x_wconf 72' lang='lat' dir='ltr'><strong>hasta</strong></span> <span class='ocrx_word' id='word_1_119' title='bbox 336 2006 439 2082; x_wconf 70' lang='lat' dir='ltr'><strong>posita,</strong></span> <span class='ocrx_word' id='word_1_120' title='bbox 455 2025 521 2064; x_wconf 92' lang='lat' dir='ltr'><strong>cum</strong></span> <span class='ocrx_word' id='word_1_121' title='bbox 542 2008 619 2064; x_wconf 90' lang='lat' dir='ltr'><strong>bona</strong></span> <span class='ocrx_word' id='word_1_122' title='bbox 639 2006 669 2063; x_wconf 89' lang='lat' dir='ltr'><strong>in</strong></span> <span class='ocrx_word' id='word_1_123' title='bbox 686 2006 750 2063; x_wconf 86' lang='lat' dir='ltr'><strong>foro</strong></span> <span class='ocrx_word' id='word_1_124' title='bbox 763 2007 902 2063; x_wconf 84' lang='lat' dir='ltr'><strong>venderet</strong></span> 
     </span>
     <span class='ocr_line' id='line_1_20' title="bbox 112 2103 901 2180; baseline 0 -20"><span class='ocrx_word' id='word_1_125' title='bbox 112 2113 141 2160; x_wconf 90' lang='lat' dir='ltr'><strong>et</strong></span> <span class='ocrx_word' id='word_1_126' title='bbox 168 2103 308 2161; x_wconf 92' lang='lat' dir='ltr'><strong>bonorum</strong></span> <span class='ocrx_word' id='word_1_127' title='bbox 336 2104 470 2176; x_wconf 84' lang='lat' dir='ltr'><strong>virorum,</strong></span> <span class='ocrx_word' id='word_1_128' title='bbox 498 2115 527 2162; x_wconf 92' lang='lat' dir='ltr'><strong>et</strong></span> <span class='ocrx_word' id='word_1_129' title='bbox 553 2104 740 2180; x_wconf 86' lang='lat' dir='ltr'><strong>locupletum,</strong></span> <span class='ocrx_word' id='word_1_130' title='bbox 768 2114 797 2160; x_wconf 92' lang='lat' dir='ltr'><strong>et</strong></span> <span class='ocrx_word' id='word_1_131' title='bbox 820 2114 901 2160; x_wconf 89' lang='lat' dir='ltr'><strong>certe</strong></span> 
     </span>
     <span class='ocr_line' id='line_1_21' title="bbox 66 2201 654 2278; baseline -0.002 -20"><span class='ocrx_word' id='word_1_132' title='bbox 66 2206 99 2258; x_wconf 70' lang='lat'><strong>2⁰</strong></span> <span class='ocrx_word' id='word_1_133' title='bbox 113 2201 229 2273; x_wconf 88' lang='lat' dir='ltr'><strong>civium,</strong></span> <span class='ocrx_word' id='word_1_134' title='bbox 243 2202 368 2278; x_wconf 71' lang='lat' dir='ltr'><strong>praedam</strong></span> <span class='ocrx_word' id='word_1_135' title='bbox 382 2220 464 2259; x_wconf 88' lang='lat' dir='ltr'><strong>suam</strong></span> <span class='ocrx_word' id='word_1_136' title='bbox 478 2221 509 2258; x_wconf 86' lang='lat' dir='ltr'><strong>se</strong></span> <span class='ocrx_word' id='word_1_137' title='bbox 523 2202 654 2258; x_wconf 88' lang='lat' dir='ltr'><strong>vendere.</strong></span> 
     </span>
    </p>

    <p class='ocr_par' dir='ltr' id='par_1_3' title="bbox 109 2297 901 2664">
     <span class='ocr_line' id='line_1_22' title="bbox 151 2297 900 2373; baseline 0.003 -19"><span class='ocrx_word' id='word_1_138' title='bbox 151 2297 276 2354; x_wconf 84' lang='lat' dir='ltr'><strong>Secutus</strong></span> <span class='ocrx_word' id='word_1_139' title='bbox 303 2308 355 2368; x_wconf 88' lang='lat' dir='ltr'><strong>est,</strong></span> <span class='ocrx_word' id='word_1_140' title='bbox 384 2298 443 2372; x_wconf 90' lang='lat' dir='ltr'><strong>qui,</strong></span> <span class='ocrx_word' id='word_1_141' title='bbox 471 2298 501 2355; x_wconf 94' lang='lat' dir='ltr'><strong>in</strong></span> <span class='ocrx_word' id='word_1_142' title='bbox 529 2298 617 2354; x_wconf 68' lang='lat' dir='ltr'><strong>causi</strong></span> <span class='ocrx_word' id='word_1_143' title='bbox 651 2298 749 2373; x_wconf 66' lang='lat' dir='ltr'><strong>impiet,</strong></span> <span class='ocrx_word' id='word_1_144' title='bbox 777 2297 900 2356; x_wconf 65' lang='lat' dir='ltr'><strong>victorii</strong></span> 
     </span>
     <span class='ocr_line' id='line_1_23' title="bbox 110 2394 901 2471; baseline 0.004 -20"><span class='ocrx_word' id='word_1_145' title='bbox 110 2395 199 2452; x_wconf 88' lang='lat' dir='ltr'><strong>etiam</strong></span> <span class='ocrx_word' id='word_1_146' title='bbox 225 2394 354 2465; x_wconf 84' lang='lat' dir='ltr'><strong>foediore,</strong></span> <span class='ocrx_word' id='word_1_147' title='bbox 381 2413 440 2452; x_wconf 93' lang='lat' dir='ltr'><strong>non</strong></span> <span class='ocrx_word' id='word_1_148' title='bbox 475 2394 653 2471; x_wconf 86' lang='lat' dir='ltr'><strong>singulorum</strong></span> <span class='ocrx_word' id='word_1_149' title='bbox 682 2395 788 2453; x_wconf 86' lang='lat' dir='ltr'><strong>civium</strong></span> <span class='ocrx_word' id='word_1_150' title='bbox 821 2395 901 2454; x_wconf 87' lang='lat' dir='ltr'><strong>bona</strong></span> 
     </span>
     <span class='ocr_line' id='line_1_24' title="bbox 109 2489 900 2569; baseline 0.005 -23"><span class='ocrx_word' id='word_1_151' title='bbox 109 2489 281 2566; x_wconf 87' lang='lat' dir='ltr'><strong>publicaret,</strong></span> <span class='ocrx_word' id='word_1_152' title='bbox 295 2490 345 2546; x_wconf 90' lang='lat' dir='ltr'><strong>sed</strong></span> <span class='ocrx_word' id='word_1_153' title='bbox 360 2490 508 2548; x_wconf 90' lang='lat' dir='ltr'><strong>universas</strong></span> <span class='ocrx_word' id='word_1_154' title='bbox 527 2491 692 2566; x_wconf 84' lang='lat' dir='ltr'><strong>provincias</strong></span> <span class='ocrx_word' id='word_1_155' title='bbox 708 2492 900 2569; x_wconf 86' lang='lat' dir='ltr'><strong>regionesque</strong></span> 
     </span>
     <span class='ocr_line' id='line_1_25' title="bbox 110 2586 900 2664; baseline 0.003 -20"><span class='ocrx_word' id='word_1_156' title='bbox 110 2605 170 2644; x_wconf 91' lang='lat' dir='ltr'><strong>uno</strong></span> <span class='ocrx_word' id='word_1_157' title='bbox 194 2586 365 2643; x_wconf 84' lang='lat' dir='ltr'><strong>calamitatis</strong></span> <span class='ocrx_word' id='word_1_158' title='bbox 385 2587 450 2662; x_wconf 88' lang='lat' dir='ltr'><strong>jure</strong></span> <span class='ocrx_word' id='word_1_159' title='bbox 474 2588 739 2664; x_wconf 86' lang='lat' dir='ltr'><strong>comprehenderet.</strong></span> <span class='ocrx_word' id='word_1_160' title='bbox 786 2588 900 2664; x_wconf 87' lang='lat' dir='ltr'><strong>Itaque,</strong></span> 
     </span>
    </p>

    <p class='ocr_par' dir='ltr' id='par_1_4' title="bbox 55 2682 903 3055">
     <span class='ocr_line' id='line_1_26' title="bbox 67 2682 901 2759; baseline 0.006 -20"><span class='ocrx_word' id='word_1_161' title='bbox 67 2683 220 2740; x_wconf 53' lang='lat' dir='ltr'><strong>&amp;vexatis</strong></span> <span class='ocrx_word' id='word_1_162' title='bbox 240 2693 269 2740; x_wconf 91' lang='lat' dir='ltr'><strong>et</strong></span> <span class='ocrx_word' id='word_1_163' title='bbox 288 2682 407 2759; x_wconf 91' lang='lat' dir='ltr'><strong>perditis</strong></span> <span class='ocrx_word' id='word_1_164' title='bbox 427 2685 532 2742; x_wconf 89' lang='lat' dir='ltr'><strong>exteris</strong></span> <span class='ocrx_word' id='word_1_165' title='bbox 552 2685 728 2756; x_wconf 87' lang='lat' dir='ltr'><strong>nationibus,</strong></span> <span class='ocrx_word' id='word_1_166' title='bbox 751 2686 787 2743; x_wconf 91' lang='lat' dir='ltr'><strong>ad</strong></span> <span class='ocrx_word' id='word_1_167' title='bbox 806 2703 901 2744; x_wconf 83' lang='lat' dir='ltr'><strong>exem·</strong></span> 
     </span>
     <span class='ocr_line' id='line_1_27' title="bbox 55 2779 902 2858; baseline 0.011 -25"><span class='ocrx_word' id='word_1_168' title='bbox 55 2826 58 2833; x_wconf 94' lang='grc'><em>,</em></span> <span class='ocrx_word' id='word_1_169' title='bbox 109 2779 190 2855; x_wconf 89' lang='lat' dir='ltr'><strong>plum</strong></span> <span class='ocrx_word' id='word_1_170' title='bbox 215 2779 311 2838; x_wconf 85' lang='lat' dir='ltr'><strong>amissi</strong></span> <span class='ocrx_word' id='word_1_171' title='bbox 334 2779 447 2855; x_wconf 91' lang='lat' dir='ltr'><strong>imperii</strong></span> <span class='ocrx_word' id='word_1_172' title='bbox 470 2783 576 2858; x_wconf 91' lang='lat' dir='ltr'><strong>portari</strong></span> <span class='ocrx_word' id='word_1_173' title='bbox 602 2783 631 2839; x_wconf 91' lang='lat' dir='ltr'><strong>in</strong></span> <span class='ocrx_word' id='word_1_174' title='bbox 655 2783 801 2858; x_wconf 91' lang='lat' dir='ltr'><strong>triumpho</strong></span> <span class='ocrx_word' id='word_1_175' title='bbox 823 2782 902 2842; x_wconf 85' lang='lat' dir='ltr'><strong>Mae-</strong></span> 
     </span>
     <span class='ocr_line' id='line_1_28' title="bbox 110 2868 902 2956; baseline 0.006 -23"><span class='ocrx_word' id='word_1_176' title='bbox 110 2873 204 2933; x_wconf 85' lang='lat' dir='ltr'><strong>siliam</strong></span> <span class='ocrx_word' id='word_1_177' title='bbox 227 2875 360 2949; x_wconf 88' lang='lat' dir='ltr'><strong>vidimus,</strong></span> <span class='ocrx_word' id='word_1_178' title='bbox 381 2886 410 2935; x_wconf 90' lang='lat' dir='ltr'><strong>et</strong></span> <span class='ocrx_word' id='word_1_179' title='bbox 434 2868 526 2935; x_wconf 75' lang='lat' dir='ltr'><strong>exeat</strong></span> <span class='ocrx_word' id='word_1_180' title='bbox 550 2880 620 2937; x_wconf 91' lang='lat' dir='ltr'><strong>urbe</strong></span> <span class='ocrx_word' id='word_1_181' title='bbox 640 2880 822 2956; x_wconf 85' lang='lat' dir='ltr'><strong>triumphari,</strong></span> <span class='ocrx_word' id='word_1_182' title='bbox 837 2881 902 2939; x_wconf 90' lang='lat' dir='ltr'><strong>sine</strong></span> 
     </span>
     <span class='ocr_line' id='line_1_29' title="bbox 111 2970 903 3055; baseline 0.011 -27"><span class='ocrx_word' id='word_1_183' title='bbox 111 2970 169 3048; x_wconf 69' lang='lat' dir='ltr'><strong>qud</strong></span> <span class='ocrx_word' id='word_1_184' title='bbox 181 2989 328 3051; x_wconf 85' lang='lat' dir='ltr'><strong>nunquam</strong></span> <span class='ocrx_word' id='word_1_185' title='bbox 343 2974 434 3034; x_wconf 87' lang='lat' dir='ltr'><strong>nostri</strong></span> <span class='ocrx_word' id='word_1_186' title='bbox 448 2974 634 3053; x_wconf 90' lang='lat' dir='ltr'><strong>imperatores</strong></span> <span class='ocrx_word' id='word_1_187' title='bbox 648 2995 685 3035; x_wconf 87' lang='lat' dir='ltr'><strong>ex</strong></span> <span class='ocrx_word' id='word_1_188' title='bbox 697 2976 903 3055; x_wconf 84' lang='lat' dir='ltr'><strong>Transalpinis</strong></span> 
     </span>
    </p>
   </div>
   <div class='ocr_carea' id='block_1_3' title="bbox 0 0 973 3398">
    <p class='ocr_par' dir='ltr' id='par_1_5' title="bbox 0 0 973 3398">
     <span class='ocr_line' id='line_1_30' title="bbox 0 0 973 3398; baseline 0 0"><span class='ocrx_word' id='word_1_189' title='bbox 0 0 973 3398; x_wconf 95' lang='lat' dir='ltr'><strong> </strong></span> 
     </span>
    </p>
   </div>
  </div>
 </body>
</html>
