1904 3750
1 609 3 614 Ι
85 645 125 703 62
419 651 462 699 ou
479 650 624 699 ovsuous.
835 651 914 719 ‚mu

133 799 234 877 aperti,
246 799 295 875 qui
309 799 380 857 nihil
392 818 428 857 ex
439 800 565 872 occulto,
577 798 649 857 nihil
660 817 696 856 ex
706 797 819 856 insidiis
831 792 919 876 agen-'

133 897 200 955 dum
220 906 331 973 putant,
352 896 479 954 veritatis
500 896 635 967 cultores,
657 895 765 952 fraudis
785 895 916 953 inimici:

133 993 258 1066 itemque
274 992 331 1063 ulii,
345 992 394 1067 qui
414 991 525 1066 quidvis
544 992 749 1067 perpetiantur,
764 991 856 1048 cuivis
870 992 918 1048 de-

134 1088 267 1158 serviant,
292 1087 371 1155 dum,
398 1086 475 1162 quod
501 1087 598 1158 velint,
626 1099 854 1162 consequentum
886 1097 919 1144 ut

102 1183 221 1244 usullae
242 1182 283 1240 M.
306 1183 441 1240 Crassum
462 1182 644 1251 videbamus;
670 1181 741 1258 (quo
762 1182 791 1239 in
812 1201 918 1259 genere

134 1280 357 1337 versutissimum
372 1289 401 1335 et
413 1279 652 1356 patientissimum
665 1278 918 1336 Lacedaemonium

134 1375 314 1450 Lysandrum
329 1375 503 1450 accepimus,
518 1384 675 1448 contraque
692 1374 918 1446 Callicratidam,

135 1471 184 1544 qui
209 1470 361 1546 praesectus
383 1470 468 1527 classi
489 1471 635 1545 proximus
654 1479 720 1545 post
740 1469 920 1544 Lysandrum

136 1567 203 1646 suit)
216 1567 341 1641 itemque
355 1567 385 1624 iu
399 1566 589 1638 sermonibus,
602 1566 698 1637 alium,
709 1566 837 1642 quamvis
850 1585 920 1642 prae·

91 1682 121 1731 10
135 1673 238 1739 potens
259 1664 304 1734 sit,
319 1663 442 1732 efficere,
458 1672 489 1718 ut
502 1681 576 1718 unus
591 1663 626 1719 de
641 1662 738 1719 multis
750 1681 812 1718 esse
826 1661 921 1718 videa·

136 1771 199 1816 tur:
229 1760 305 1834 quod
329 1759 358 1816 in
387 1758 500 1829 Catulo,
522 1768 551 1814 et
578 1758 608 1814 in
634 1769 723 1834 patre,
745 1768 774 1815 et
801 1758 831 1815 in
851 1753 920 1830 filio,

137 1856 270 1930 idemque
285 1856 315 1912 in
327 1855 367 1916 Q.
383 1853 486 1911 Mucio
499 1852 629 1926 Mancivi,
644 1855 774 1912 vidimus.
813 1853 921 1910 Audivi

137 1970 172 2007 ex
186 1951 341 2026 majoribus
355 1960 434 2021 natu,
446 1951 502 2008 hoo
513 1951 588 2007 idem
599 1950 686 2008 fuisse
697 1951 727 2007 in
737 1952 769 2009 P.
783 1951 919 2026 Scipione

137 2046 263 2103 Nasici:
286 2057 451 2121 contraque,
473 2057 582 2121 patrem
605 2047 676 2122 ejus,
698 2047 787 2117 illum,
802 2047 850 2121 qui
872 2045 918 2102 Ti.

92 2155 123 2203 15
137 2142 264 2199 Gracchi
284 2154 405 2198 conatus
424 2143 551 2217 perditos
567 2142 733 2213 vindicavit,
750 2143 856 2200 nullam
876 2160 917 2198 co

138 2238 265 2295 mitatem
280 2238 413 2295 habuisse
428 2239 582 2295 sermonis:
604 2257 641 2294 ne
654 2239 849 2295 Xenocratem
863 2238 915 2312 qui

138 2334 214 2404 dem,
242 2334 452 2391 severissimum
473 2334 719 2410 philosophorum,
742 2335 779 2391 ob
803 2352 914 2408 eamque

138 2449 198 2486 rem
215 2430 303 2505 ipsam
318 2450 452 2507 magnum
468 2430 633 2505 clarumque
654 2431 749 2486 fuisse.
790 2429 913 2487 Innume

138 2527 243 2583 rabiles
258 2527 320 2584 aliae
334 2527 581 2584 dissimilitudines
598 2537 664 2583 sunt
678 2537 786 2584 naturae
801 2545 912 2582 morum

92 2637 124 2686 20
140 2641 204 2698 que,
219 2623 337 2679 minime
351 2633 448 2680 tamen
462 2623 722 2699 vituperandorum.

179 2815 295 2873 XXXI.
317 2816 484 2874 Admodum
509 2821 603 2872 autem
626 2816 751 2872 tenenda
779 2826 845 2872 sunt
873 2834 907 2871 su

140 2913 253 2986 cuique,
272 2931 329 2968 non
350 2912 462 2981 vitiosa,
483 2911 534 2967 sed
555 2921 649 2968 tamen
670 2912 794 2987 propria,
810 2911 906 2986 quosv

140 3007 224 3064 cilius
238 3007 375 3064 decorum
397 3005 476 3076 illud,
492 3007 567 3081 quod
582 3007 744 3081 quaerimus,
759 3008 905 3064 retineatis

140 3103 190 3158 Sic
211 3103 287 3159 enim
308 3112 352 3159 est
379 3101 552 3172 faciendum,
573 3113 614 3173 ut,
636 3113 737 3159 contra
764 3104 904 3160 universav

93 3202 125 3251 25
140 3208 280 3270 naturam,
301 3198 372 3255 nihil
394 3198 619 3268 contendamus;
640 3200 675 3254 eis
694 3208 790 3254 tamen
812 3218 900 3256 conse

139 3293 212 3363 vatd,
225 3294 373 3368 propriam
393 3304 525 3351 naturam
546 3312 714 3369 sequamur3
736 3304 778 3366 ut,
793 3296 880 3353 etiam

117 3383 183 3440 sint
195 3387 258 3445 alia
268 3390 412 3467 graviora
426 3401 514 3470 atque
524 3391 760 3464 medioru,tameu
767 3411 821 3450 nos
831 3391 897 3449 stud
