1904 3750
85 200 145 258 202
421 208 463 252 on
486 208 631 253 oratoris.
826 202 920 267 mut.

131 357 156 413 si
170 356 232 414 haec
246 375 304 413 nou
318 376 369 432 per
383 376 414 414 se
434 368 613 432 expetantur,
629 356 678 414 sed
695 354 729 413 ad
744 355 918 431 voluptatem

131 454 319 511 utilitatemve
333 454 501 512 referantur.

171 646 317 704 XXXIV.
339 646 530 704 Conferamus
552 647 638 723 igitur
660 646 689 702 in
710 665 820 722 pauca:
842 665 919 718 narn,

131 753 163 800 ut
178 744 331 800 utilitatem
351 744 459 800 nullam
480 763 543 800 esse
564 743 725 813 docuimus,
741 762 804 818 quae
819 743 914 799 hones

101 850 117 898 5
131 840 182 896 tati
197 849 272 896 esset
286 839 447 908 contraria;
469 839 512 895 sic
532 857 647 895 ornnem
662 838 835 913 voluptatem
850 838 921 894 dici·

132 955 195 992 mus
216 935 358 993 honestati
379 955 442 992 esse
463 935 644 993 contrariam.
689 935 759 996 Quo
774 934 864 1010 magis
878 954 921 991 re-

131 1033 350 1108 prehendendos
365 1033 563 1107 Calliphonem
578 1041 607 1088 et
621 1030 833 1088 Dinomachum
846 1030 921 1106 judi-

132 1148 179 1199 co,
192 1130 239 1203 qui
254 1148 285 1185 se
300 1129 489 1203 dirempturos
501 1127 724 1185 controversiam
738 1135 919 1201 putaverunt,

133 1225 157 1281 si
170 1245 234 1281 curn
252 1225 399 1281 honestate
412 1225 595 1298 voluptatem,
606 1233 741 1296 tanquam
753 1240 820 1278 cum
832 1221 921 1278 homi·

87 1337 119 1386 10
133 1341 169 1378 ne
189 1321 341 1396 pecudem,
362 1319 581 1394 copulavissent.
623 1319 691 1377 Non
711 1316 814 1393 recipit
835 1317 920 1374 istam

133 1417 366 1492 conjunctionem
395 1416 545 1484 honestas3
576 1416 770 1489 adspernatur,
798 1413 918 1488 repellit.

132 1512 198 1569 Nec
219 1531 286 1568 vero
306 1511 370 1567 finis
392 1512 529 1568 bonorum
547 1510 589 1587 [et
609 1511 775 1590 malorum],
790 1510 838 1584 qui
855 1509 920 1566 sim·

131 1608 196 1683 plex
216 1626 278 1663 esse
299 1607 393 1672 debet,
410 1625 445 1662 ex
458 1606 645 1662 dissimilibus
663 1606 748 1663 rebus
762 1605 877 1661 misceri
892 1615 920 1662 et

132 1704 284 1778 temperari
305 1713 407 1778 potest.
449 1703 505 1758 Sed
522 1703 557 1758 de
579 1702 635 1758 hoc
651 1702 769 1778 (magna
783 1702 859 1758 enim
875 1721 920 1758 res

87 1806 119 1859 15
133 1801 189 1876 est)
212 1799 268 1855 alio
288 1800 353 1854 loco
373 1798 510 1872 pluribus.
566 1797 655 1853 Nunc
677 1797 711 1852 ad
732 1797 917 1872 propositum.

93 1908 96 1913 '
133 1895 385 1959 Quemadmodum
402 1894 497 1970 igitur,
514 1894 537 1949 si
552 1893 665 1967 quando
680 1912 723 1963 ea,
735 1913 797 1967 quae
813 1893 920 1948 videre·

133 2003 178 2050 tur
199 1992 316 2061 militae,
332 1990 474 2046 honestati
496 1999 646 2064 repugnat,
667 1989 854 2063 dijudicanda
875 2008 920 2044 res

133 2091 180 2160 sit,
196 2089 263 2145 satis
284 2097 327 2143 est
348 2107 433 2161 supra
453 2087 636 2161 disputatum.
679 2085 730 2141 Sin
752 2096 845 2142 autem
861 2105 921 2159 spe·

134 2188 209 2244 ciem
236 2184 366 2241 utilitatis
393 2185 479 2239 etiam
506 2182 635 2255 voluptas
663 2182 768 2238 habere
799 2182 921 2252 dicetur,

88 2290 119 2338 20
135 2283 213 2338 nulla
232 2291 326 2355 potest
347 2299 409 2335 esse
430 2279 456 2334 ei
478 2298 543 2334 cum
565 2278 714 2334 honestate
737 2277 920 2353 conjunctio:

134 2397 211 2447 nam,
226 2387 258 2432 ut
272 2377 430 2432 tribuamus
452 2374 558 2447 aliquid
579 2374 725 2448 voluptati,
743 2372 921 2430 condimenti

136 2474 254 2530 fortasse
275 2470 417 2539 nonnihil,
439 2469 570 2526 utilitatis
591 2480 669 2526 certe
690 2470 772 2540 nihil,
795 2470 920 2527 habebit.

174 2569 273 2624 Habes
289 2578 397 2641 apatre
411 2584 525 2635 munus,
542 2564 642 2622 Marce
662 2566 711 2636 lili,
727 2566 791 2622 med
806 2567 921 2640 quidem

135 2663 286 2732 sententia,
302 2679 452 2736 magnum:
474 2661 523 2716 sed
544 2661 664 2735 perinde
678 2661 741 2731 erit,
758 2671 789 2717 ut
805 2680 923 2736 accepe-

87 2763 120 2812 25
135 2761 190 2816 ris:
212 2776 372 2834 quanquam
392 2758 444 2812 tibi
465 2757 494 2813 hi
515 2769 573 2813 tres
594 2756 670 2829 libri,
692 2758 766 2813 inter
791 2758 921 2834 Cratippi

129 2855 366 2928 commentarios,
380 2862 516 2927 tanquam
531 2852 668 2928 hospites,
683 2864 767 2911 erunt
780 2854 923 2930 recipien-
