1904 3750
218 272 356 334 nntius,
374 273 448 322 s1vn
467 274 510 320 nn
531 273 688 320 nurerum.
849 260 890 322 67

56 421 122 480 loco
132 423 309 494 excluditur;
326 444 473 499 nunquam
483 424 692 500 intempestiva,
699 441 845 498 nunquam
865 408 871 411 Α

57 519 179 578 molesta
188 531 239 579 est.
268 520 369 595 Itaque
380 541 437 579 non
450 522 599 595 aqud‚non
611 521 671 598 igni
684 520 729 596 (ut
741 520 845 599 aiunt),

56 616 186 691 pluribus
196 617 270 674 loeis
281 617 397 689 utimur,
410 637 494 692 quam
507 617 642 675 amicitid.
676 616 781 691 Neque
792 635 846 692 ego

58 730 136 769 nunc
151 713 187 770 de
200 714 311 791 vulgari
322 724 370 778 aut
384 714 420 770 de
434 713 573 771 mediocri
589 712 665 788 (quae
676 724 772 771 tamen
785 712 848 788 ipsa

57 816 87 862 et
104 807 227 865 delectat
246 820 275 865 et
293 809 435 888 prodest),
449 809 501 866 sed
520 809 556 865 de
574 810 642 867 versi
660 819 689 866 et
706 808 877 885 persecti‚5

56 903 168 978 loquor,
183 905 275 980 qualis
289 923 399 976 eorum,
414 906 463 979 qui
477 905 563 980 pauci
577 906 770 977 nominantur,
783 904 845 962 mit.

58 999 135 1058 Nam
149 1011 179 1058 et
193 1001 336 1058 secundas
350 1020 396 1058 res
410 1001 619 1076 splendidiores
629 1001 699 1058 facit
710 1002 847 1074 amicitiap
877 1056 879 1068 ,

56 1107 87 1153 et
102 1098 244 1170 adversas,
257 1098 384 1173 partiens
399 1097 682 1172 communicansque,
697 1097 826 1155 leviores

98 1287 165 1346 VII.
207 1290 339 1364 Cumque
349 1290 487 1365 plurimas
501 1300 530 1347 et
543 1289 682 1346 maximas
692 1287 849 1346 commodi·

57 1395 132 1442 tates
144 1385 272 1443 amicitia
282 1387 440 1458 contineat,
452 1398 512 1443 tum
524 1386 574 1443 illa
587 1385 722 1443 nimirum
732 1393 849 1460 prestat
863 1391 894 1442 1⁰

59 1482 203 1553 omnibus,
219 1483 297 1556 quod
315 1483 390 1541 bend
409 1502 459 1558 spe
477 1483 615 1558 praelucet
633 1482 663 1538 in
680 1491 849 1557 posterum3-

59 1596 114 1635 nec
135 1579 278 1636 debilitari
300 1580 420 1652 animos,
443 1590 491 1637 aut
512 1580 616 1637 cadere
635 1578 750 1654 patitur.
791 1577 850 1636 Ve-

59 1692 122 1730 rum
137 1675 224 1731 etiam
239 1675 363 1732 amicum
384 1676 433 1750 qui
455 1677 590 1747 intuetur,
605 1686 741 1754 tanquam
756 1692 850 1732 exem·

59 1770 121 1845 pler
136 1771 248 1846 aliquod
265 1772 391 1829 intuetur
408 1773 460 1830 sui.
502 1771 654 1833 Quocirca
670 1782 699 1829 et
716 1771 849 1829 absentes

61 1865 173 1937 adsunt,
185 1877 214 1922 et
227 1878 346 1942 egentes
361 1868 516 1938 abundant,
528 1877 557 1924 et
571 1867 730 1923 imbecilles
741 1866 848 1937 valent,
864 1872 895 1921 15

59 1971 90 2018 et
115 1960 204 2037 (quod
232 1963 378 2020 difficilius
404 1964 485 2020 dictu
513 1963 570 2041 est)
598 1963 703 2019 mortui
730 1961 848 2018 vivunt:

60 2067 157 2115 tantus
171 2077 221 2115 eos
235 2059 337 2130 honos,
352 2059 500 2130 memoria,
515 2057 690 2114 desiderium
703 2057 851 2132 prosequi·

59 2165 106 2212 tur
118 2155 290 2213 amicorum:
302 2175 339 2212 ex
349 2175 405 2230 quo
416 2155 530 2213 illorum
541 2155 625 2210 beata
635 2171 711 2211 mors
721 2153 848 2222 videtur;

61 2252 164 2309 horum
178 2252 236 2309 vita
251 2252 412 2315 laudabilis.
452 2249 582 2311 Quodsi
597 2249 737 2306 exemeris
751 2266 787 2304 ex
800 2265 850 2305 na·
894 2267 896 2271 ’

60 2348 125 2406 turi
148 2367 244 2406 rerum
271 2347 477 2405 benevolentiae
505 2345 762 2420 conjunctionem
793 2362 850 2402 nec
864 2348 896 2399 m

60 2445 163 2501 domus
183 2444 241 2501 ulla
261 2463 316 2501 nec
337 2445 405 2501 urbs
426 2455 501 2501 stare
516 2442 641 2518 poterit:
662 2459 700 2498 ne
714 2441 776 2518 agri
789 2439 851 2515 qui·

61 2541 127 2598 dem
142 2541 235 2598 cultus
248 2540 435 2615 permanebit.
471 2538 506 2596 Id
520 2538 544 2595 si
559 2538 654 2595 minus
666 2537 848 2613 intelligitur3
872 2568 875 2577 =

60 2637 223 2713 quantavis
237 2636 371 2693 amicitiae
386 2635 607 2709 concordiaeque
626 2635 673 2706 sit,
687 2652 724 2691 ex
741 2633 851 2690 dissen-

60 2733 190 2791 sionibus
211 2744 296 2807 etque
316 2731 469 2788 discordiis
488 2730 598 2806 percipi
617 2740 720 2806 potest.
771 2728 850 2791 Quae

61 2829 138 2886 enim
152 2828 255 2885 domus
273 2837 332 2884 tarn
351 2825 548 2900 stabilisque
568 2835 627 2883 tam
647 2826 729 2882 firma
748 2824 851 2882 civitas
864 2835 896 2888 z

60 2934 114 2995 est,
129 2944 192 3000 quae
210 2943 269 2983 non
289 2923 363 2980 odiis
381 2933 464 2997 atque
478 2919 604 2978 dissidiis
618 2921 747 2980 funditus
759 2921 850 2998 possit

55 3020 171 3088 *evertit
194 3039 231 3078 ex
254 3038 321 3095 quo,
344 3029 487 3099 quantum
507 3017 587 3080 bem
605 3018 649 3079 sn
662 3018 704 3076 'm
721 3014 880 3075 πωλῶ

47 3114 178 3193 judicari
189 3127 302 3196 potest.

891 416 944 434 *X
