1904 3750
24 696 28 701 .
69 626 109 686 5⁰
398 646 447 694 uu
471 645 617 694 osmcus.
834 643 899 705 [ur

118 791 248 866 alterum,
263 803 295 852 ut
309 804 401 853 totum
415 814 520 872 corpus
541 794 708 871 reipublice
729 773 841 865 aufem,
855 812 896 861 ne

117 888 185 945 dum
204 900 316 965 partem
338 891 461 967 aliquam
482 900 608 964 tuentur,
623 891 748 966 reliquas
761 890 894 946 deserant

116 983 156 1042 Ut
177 987 256 1043 euim
283 989 383 1060 tutela,
404 988 448 1046 sic
476 987 643 1063 procuratio
666 986 843 1062 reipublicae,
869 1004 893 1043 et

115 1081 269 1139 utilitatem
289 1101 389 1141 eorum
409 1084 458 1159 qui
478 1083 623 1141 commissi
643 1093 720 1154 sunt,
735 1101 793 1138 uon
809 1083 844 1138 ad
858 1100 891 1139 eo

3 1229 7 1234 .
85 1189 179 1238 arum
207 1175 312 1249 quibus
339 1176 494 1233 commissa
519 1183 573 1247 est,
597 1176 726 1252 gerenda
749 1184 801 1231 est.
841 1173 890 1236 Qu

117 1280 213 1326 autem
227 1271 301 1346 parti
317 1272 424 1328 civium
438 1272 603 1342 consulunt,
617 1280 728 1347 partem
742 1270 889 1347 negligunt

116 1384 177 1422 rem
195 1367 471 1443 perniciosissimam
486 1367 515 1424 in
530 1368 674 1425 civitatem
696 1366 887 1438 inducuntur

117 1461 257 1520 ditionem
280 1474 365 1539 atque
389 1464 581 1522 discordiam:
609 1483 645 1521 ex
668 1483 725 1538 quo
748 1463 853 1535 evenit,
874 1483 886 1522 t

118 1559 166 1617 alii
187 1561 350 1637 populares,
366 1560 414 1618 alii
436 1561 555 1618 studiosi
580 1561 680 1637 optimi
704 1561 842 1636 cujusque
866 1578 883 1617 v

71 1658 102 1708 1⁰
118 1656 250 1729 deantur,
264 1658 351 1734 pauci
366 1657 575 1715 universorum.

157 1753 237 1810 Hinc
260 1755 334 1829 apud
349 1753 544 1810 Athenienses
558 1773 669 1830 magnae
684 1752 853 1822 discordiae3
875 1752 882 1810 i

117 1850 215 1906 nostrai
236 1850 384 1926 republica
405 1869 462 1908 non
483 1851 575 1907 solum
597 1851 761 1920 seditiones,
776 1850 827 1906 sed
844 1868 880 1927 pe

117 1945 201 2002 tisera
221 1946 307 2003 etiam
328 1946 404 2003 bella
431 1947 547 2004 civilia:
576 1966 639 2023 quae
660 1947 755 2024 gravis
775 1957 805 2003 et
826 1947 879 2004 sort

119 2041 201 2113 civia,
217 2053 245 2099 et
266 2042 296 2098 in
317 2043 466 2119 republicd
491 2044 596 2120 dignus
617 2044 789 2120 principatu,
805 2044 877 2120 lugir

72 2147 103 2195 15
120 2147 203 2213 atque
218 2139 329 2208 oderit3
351 2139 499 2215 tradetque
515 2160 545 2196 se
559 2151 651 2197 totum
666 2140 842 2216 reipublicae,
857 2160 875 2197 u

119 2253 174 2308 que
187 2254 255 2310 opes
271 2244 319 2291 aut
332 2236 489 2310 potentiam
508 2237 739 2293 consectabitur:
760 2246 874 2311 totamq·

117 2349 181 2387 eam
196 2332 238 2388 sic
249 2331 384 2405 tuebitur,
397 2342 428 2389 ut
438 2333 570 2389 omnibus
582 2333 721 2390 consulat.
762 2331 791 2389 N
794 2351 828 2389 ec
838 2352 872 2389 ve

118 2428 288 2485 criminibus
315 2429 394 2486 salsis
416 2429 445 2486 in
466 2429 565 2486 odium
587 2440 635 2487 aut
663 2429 797 2487 invidiam
820 2449 871 2504 que

118 2544 203 2599 quam
217 2525 348 2582 vocabit:
369 2525 544 2600 omninoque
563 2526 604 2583 ita
620 2526 738 2602 justitiae
753 2526 869 2583 honesta

71 2635 103 2684 20
118 2642 173 2698 que
195 2624 381 2695 adhaerescet,
402 2634 444 2694 ut,
459 2624 527 2681 dum
548 2642 584 2680 ea
604 2632 762 2695 conservet,
779 2643 868 2698 quam

116 2721 240 2796 graviter
273 2720 409 2791 offendat,
438 2730 616 2794 mortemque
650 2728 767 2794 oppetat
800 2720 866 2795 potii

116 2835 200 2891 quam
216 2815 328 2872 deserat
343 2817 401 2887 illa,
416 2835 479 2891 quae
493 2816 562 2873 dixi.

156 2911 322 2968 Miserrima
349 2922 392 2968 est
415 2912 532 2969 omnino
555 2911 683 2983 ambitio,
709 2913 864 2988 honorumo

117 3008 283 3079 contentio;
312 3007 349 3064 de
376 3009 433 3082 quai
456 3007 594 3082 preclare
617 3007 691 3084 apud
718 3008 842 3065 eundem

72 3110 103 3159 25
116 3103 285 3161 Platonem:
313 3103 485 3160 “Similiter
513 3104 608 3161 lacere
629 3123 690 3175 eos,
712 3105 761 3179 qui
782 3105 856 3162 inter

117 3201 336 3272 contenderent,
351 3210 415 3258 uter
434 3201 531 3276 potius
551 3201 758 3277 rempublicam
774 3201 861 3259 admir

113 3305 212 3365 traret,
231 3307 261 3354 ut
275 3296 299 3354 si
313 3306 408 3354 nauta
429 3306 582 3368 certarent,
597 3297 661 3372 quis
674 3316 775 3355 eorum
794 3298 857 3373 poti

92 3401 180 3442 mum
210 3393 427 3466 gubernaret.'’
469 3393 611 3473 Idemque
634 3393 777 3473 precipit,
799 3404 831 3453 ut
