1904 3750
72 253 112 314 72
272 265 410 324 umarus,
426 267 501 314 srvn
521 267 565 314 nn
583 266 743 315 surcula.

118 413 188 472 tiam
223 415 411 474 consuetudo.
468 416 537 488 Sed,
571 435 733 491 quanquam
766 415 906 475 utilitates

117 511 214 569 multae
245 522 273 570 et
303 531 415 590 magma
445 524 610 570 consecutae
640 522 716 584 suut,
747 531 807 571 non
838 524 906 572 sunt

118 619 215 666 tamen
236 609 271 666 ab
292 627 391 667 aarum
411 627 461 685 spe
482 628 577 667 causae
598 609 737 686 diligendi
756 610 903 685 profectae.

156 705 196 763 Ut
215 705 293 762 enim
313 705 436 763 benefici
457 705 646 781 liberalesque
669 725 777 777 sumus,
792 725 852 764 non
873 716 905 764 ut

86 815 104 865 5
118 801 266 878 exigamus
279 802 400 878 gratiam
416 801 616 879 (nequeenim
630 801 803 859 beneficium
819 803 906 861 scene·

117 898 238 977 ramur),
269 898 320 954 sed
347 899 459 957 naturai⁴
476 898 612 973 propensi
640 898 675 955 ad
702 897 905 957 liberalitatem

117 1012 229 1064 sumus;
250 994 292 1051 sic
307 976 473 1066 amicitiam,
483 1013 542 1051 non
557 1012 606 1070 spe
621 994 763 1051 mercedis
777 995 904 1068 adducti,

117 1090 169 1147 sed
183 1090 259 1166 quod
274 1091 368 1148 omnis
382 1090 444 1166 ejus
463 1090 573 1148 fructus
587 1090 617 1148 iu
632 1090 693 1167 ipso
708 1109 805 1149 amore
820 1091 904 1164 inest,

118 1187 306 1262 expetendam
320 1198 462 1262 putamus.

72 1295 104 1345 lo
157 1283 206 1341 Ab
220 1283 265 1355 iis,
279 1282 327 1358 qui
341 1283 484 1359 pecudum
500 1283 555 1340 ritu
571 1283 605 1340 ad
620 1273 794 1359 voluptatem
809 1284 907 1340 omnia

118 1379 256 1452 referunt,
276 1380 361 1456 longe
382 1379 584 1437 dissentimus:
610 1399 666 1437 nec
686 1380 809 1437 mirum:
833 1379 905 1437 nihil

118 1475 196 1534 enim
211 1476 309 1547 altum,
323 1475 395 1532 nihil
411 1476 596 1552 magnificum
615 1495 650 1533 ac
664 1476 802 1548 divinum,
817 1476 904 1552 suspi-

119 1590 186 1629 cere
201 1581 330 1646 possunt,
345 1571 394 1645 qui
415 1591 482 1628 suas
502 1590 603 1629 omnes
623 1572 816 1649 cogitationes
831 1573 907 1648 abje-

118 1677 220 1723 cerunt
232 1667 261 1722 in
273 1685 332 1722 rem
344 1678 402 1723 tam
413 1667 560 1737 humilem,
573 1678 689 1742 tamque
702 1678 905 1743 contemptam.

73 1777 104 1826 15
117 1761 327 1832 Quamobrem,
342 1763 395 1818 hos
409 1763 524 1837 quidem
545 1764 580 1819 ab
597 1763 653 1820 hoc
668 1783 800 1820 sermone
815 1783 907 1821 remo-

118 1877 256 1915 veamus:
285 1858 338 1933 ipsi
361 1869 455 1915 autem
477 1858 680 1935 intelligamus,
702 1860 805 1917 naturis
825 1861 906 1937 gigni

118 1974 234 2013 sensum
268 1955 417 2031 diligendi,
448 1965 477 2012 et
507 1957 714 2013 benevolentiae
745 1957 905 2028 caritatem,

119 2051 197 2110 facti
211 2052 422 2128 significatione
436 2052 605 2127 probitatis;
627 2071 711 2127 quam
730 2053 778 2126 qui
799 2054 907 2128 appeti·

119 2158 230 2220 verunt,
244 2149 387 2224 applicant
401 2167 473 2219 sese,
485 2158 514 2204 et
527 2149 643 2223 propius
658 2148 820 2220 admovent,
832 2160 864 2207 ut
877 2162 907 2207 et

73 2258 105 2310 20
119 2263 174 2302 usu
191 2243 263 2320 ejus,
285 2262 369 2318 quem
394 2243 513 2319 diligere
535 2253 693 2318 coeperunt,
717 2244 858 2316 fruantur,
877 2255 907 2302 et

119 2341 266 2409 moribus;
288 2340 402 2414 sintque
422 2359 505 2415 pares
527 2339 556 2396 in
578 2358 684 2411 amore,
706 2350 734 2397 et
760 2341 905 2416 requales3

118 2437 373 2513 propensioresque
401 2437 436 2492 ad
462 2437 534 2493 bene
559 2437 736 2507 merendum,
759 2456 844 2510 quam
871 2438 906 2494 ad

119 2533 349 2608 reposcendum:
376 2543 459 2605 atque
480 2532 542 2588 haec
563 2532 636 2588 inter
658 2551 708 2589 eos
728 2532 765 2589 sit
786 2534 908 2591 honesta

121 2629 249 2686 certatio.
292 2628 343 2683 Sic
363 2637 392 2683 et
412 2628 550 2684 utilitates
570 2646 605 2683 ex
628 2627 755 2684 amicitiai
774 2630 906 2686 maximae

72 2732 105 2780 25
121 2725 288 2800 capientur;
310 2734 339 2780 et
355 2724 409 2780 erit
423 2724 484 2800 ejus
498 2726 577 2780 ortus
599 2744 615 2780 a
635 2725 748 2795 naturis,
763 2744 848 2799 quam
871 2726 906 2781 ab

121 2818 328 2891 imbecillitate,
356 2831 384 2876 et
414 2820 526 2897 gravior
561 2829 590 2877 et
623 2821 723 2877 verior.
765 2820 852 2890 Nam,
881 2821 905 2878 si

120 2914 229 2974 utilitas
254 2915 393 2972 amicitias
415 2916 636 2992 conglutinaret,
658 2916 758 2973 eadem
779 2933 907 2973 commu-

111 3019 174 3072 tata
196 3014 390 3076 dissolveret:
420 3012 486 3087 sad,
509 3012 579 3090 quia
599 3022 706 3069 natura
719 3010 824 3068 mutati
847 3030 905 3072 nou
