1904 3750
79 180 161 265 184‘
410 212 452 257 un
476 211 619 256 ornans,
815 202 909 267 [nm.

122 359 192 436 suga
211 379 294 430 unus,
310 369 338 415 et
358 377 473 435 gravem
495 357 686 414 adversarium
707 353 828 429 imperii,
850 373 911 411 sus-

124 456 251 514 tulisset:
286 455 336 511 sed
370 473 505 530 magnum
540 455 667 510 dedecus
698 462 727 508 et
758 451 909 528 flagitium,

125 550 242 628 quicum
256 550 349 608 laudis
363 561 509 607 certamen
524 550 633 621 fuisset,
645 568 711 605 eum
724 567 784 605 non
795 549 910 618 virtute,

125 648 176 707 sed
190 647 308 718 scelere,
323 660 496 722 superatum.

94 752 111 802 t
164 743 266 802 Utrum
288 743 374 819 igitur
395 743 494 799 utilius
509 743 551 799 vel
572 741 718 813 Fabriui0,
732 740 781 815 qui
802 740 867 798 talis
882 740 912 798 in

126 841 182 898 hau
215 839 296 910 urbe,
324 838 416 913 qualis
443 838 587 895 Aristides
617 838 742 895 Athenis
776 837 839 908 suit,
867 835 911 893 vel

126 935 239 994 senatui
259 946 368 1006 nostro,
387 935 435 1009 qui
456 953 602 1009 nunquam
624 934 776 990 utilitatem
791 932 914 1010 adigni·

127 1042 185 1090 tate
205 1032 339 1109 sejunxit,
355 1032 440 1088 armis
461 1050 526 1089 cum
548 1032 629 1088 hoste
644 1041 763 1102 certare,
780 1049 815 1087 au
829 1048 913 1087 vene·

127 1129 193 1186 nisl
246 1129 279 1186 Si
302 1128 399 1206 gloriae
426 1128 514 1186 causi
540 1128 690 1203 imperium
718 1126 912 1202 expetendum

82 1237 114 1287 10
128 1236 181 1299 est,
196 1225 289 1284 scelus
310 1225 392 1296 absit,
408 1225 438 1282 in
454 1245 511 1299 quo
531 1244 589 1282 non
608 1233 703 1300 potest
722 1242 786 1280 esse
805 1222 912 1300 gloria:

128 1322 172 1380 sin
200 1322 267 1397 ipsae
294 1341 362 1397 opes
389 1332 559 1396 expetuntur
586 1339 701 1395 quoquo
731 1321 826 1391 modo,
854 1338 912 1377 non

127 1427 262 1493 poterunt
285 1417 370 1473 utiles
393 1434 456 1473 esse
478 1435 544 1473 uum
568 1416 695 1479 infamib.
737 1415 806 1473 Non
827 1415 913 1491 igitur

128 1513 206 1570 urnis
226 1512 276 1570 ura
296 1512 329 1569 r..
345 1511 479 1587 Philippi,
499 1511 539 1573 e.
554 1494 639 1583 nias,
660 1513 820 1569 sentenia:
843 1530 914 1585 quas

129 1608 258 1664 civitates
279 1608 311 1664 L.
327 1608 417 1678 Sulla,
432 1608 557 1683 pecunia
580 1609 708 1683 accepta,
730 1626 765 1664 ex
786 1609 914 1665 senatlrs-

83 1722 115 1771 15
129 1703 257 1761 consulto
290 1703 476 1773 liberavisset,
504 1714 535 1760 ut
563 1704 606 1760 hae
634 1723 732 1760 rursus
758 1704 914 1780 vectigales

128 1809 239 1869 essent;
261 1817 354 1873 neque
369 1798 413 1854 his
426 1801 591 1874 pecuniam,
606 1819 690 1874 quam
711 1818 762 1875 pro
782 1800 914 1856 libertate

129 1895 275 1965 dederant,
290 1895 483 1951 redderemus.
525 1895 578 1951 Est
592 1895 619 1951 ei
634 1905 750 1951 senatus
765 1914 913 1951 assensus:

128 2001 211 2066 turpe
244 1990 379 2066 imperi0;
413 1991 569 2065 piratarum
599 1992 676 2047 enirn
703 1991 805 2047 melior
832 1991 913 2061 fides,

129 2106 212 2161 quam
228 2087 352 2144 senatus.
393 2087 433 2142 At
449 2098 532 2143 aucta
544 2086 711 2162 vectigalia:
732 2087 803 2142 utile
817 2087 912 2163 igitur.

83 2207 115 2257 20
127 2184 290 2257 Quousque
306 2183 450 2240 audebunt
464 2183 561 2239 dicere
577 2183 731 2256 quidquam
746 2183 826 2248 utile,
839 2183 914 2256 quod

128 2299 185 2338 non
200 2279 369 2336 honestum?
410 2278 506 2335 Potest
521 2288 614 2334 autem
630 2278 678 2333 ulli
695 2278 823 2351 imperio,
838 2278 914 2351 quod

129 2375 221 2452 glorib
243 2375 343 2431 fultum
364 2393 427 2430 esse
448 2374 541 2442 debet,
556 2384 585 2430 et
603 2373 803 2429 benevolentia
824 2374 916 2430 socio-

129 2490 203 2543 rum,
224 2471 294 2528 utile
315 2489 377 2526 esse
398 2470 495 2526 odium
516 2481 545 2526 et
565 2469 702 2526 infamia?
743 2467 806 2544 Ego
827 2470 914 2527 etiarn

130 2585 197 2624 cum
220 2566 331 2623 Catone
357 2583 421 2621 meo
446 2585 519 2640 saepe
543 2565 673 2621 dissensi.
722 2563 818 2620 Nimis
842 2566 914 2623 mihi

83 2691 115 2740 25
128 2663 277 2738 praefracte
300 2661 449 2718 videbatur
476 2661 606 2718 aerarium
630 2661 839 2736 vectigaliaque
867 2662 916 2718 de-

130 2758 256 2829 fendere,
270 2757 366 2815 omnia
385 2757 546 2831 publicanis
567 2775 682 2832 negare,
698 2757 786 2813 multa
808 2758 914 2828 sociis;

123 2870 193 2910 eum
213 2853 244 2910 iu
266 2853 320 2910 hos
340 2851 462 2909 benefici
483 2871 547 2909 esse
567 2852 752 2920 deberemus3
777 2855 916 2911 cumillis

107 2943 158 3000 εἰσ
173 2967 275 3024 agere,
288 2959 320 3008 ut
336 2968 407 3010 uum
418 2949 534 3009 uolanis
545 2947 650 3008 nestris
661 2947 802 3018 seleman
823 2968 917 3025 eoque

7 3212 111 3274 k„-
