1904 3750
322 278 366 324 m:
384 278 587 327 suusmvrs.
854 268 894 329 45

60 435 114 496 rat,
136 403 193 483 hio'
202 426 261 501 jam
282 437 457 484 consecutus
476 437 528 485 est.
568 426 623 484 Ille
649 427 710 485 vult
736 426 786 484 diu
807 425 847 484 vi·

60 540 143 579 vere:
165 522 214 580 hio
234 521 284 579 diu
305 523 382 580 vixit.
422 524 602 598 Quanquam
617 522 651 601 (o
671 523 722 581 Dii
737 523 845 602 bonil)

59 617 187 692 quidest
207 618 237 675 in
257 618 383 676 hominis
395 620 454 676 vitri
475 620 545 677 diut
585 619 633 678 Da
651 620 730 678 enim
749 638 847 695 supre-

59 731 139 772 mum
160 724 291 790 tempus:
313 725 513 791 exspectemus
533 715 749 774 Tartessiorum
769 716 846 794 regis

59 821 191 868 aetatem:
213 811 267 868 suit
287 811 365 868 enim
386 809 432 887 (ut
452 812 591 887 scripturn
612 813 710 892 video)
733 814 876 890 Argen-5

58 907 175 964 thonius
188 906 305 982 quidam
319 907 460 978 Gadibus,
475 908 524 982 qui
544 908 695 985 octoginta
713 909 844 986 regnavit

59 1021 159 1074 annos,
174 1012 291 1060 centum
306 1012 335 1060 et
349 1003 451 1080 viginti
464 1003 552 1060 vixit:
573 1005 624 1060 sed
639 1005 762 1063 mihine
782 1006 844 1063 diu·

57 1108 174 1157 turnum
201 1098 317 1173 quidem
337 1099 494 1175 quidquam
515 1099 638 1171 videtur,
667 1100 697 1157 in
721 1119 779 1174 quo
798 1110 845 1158 est

58 1194 166 1270 aliquid
180 1206 348 1253 extremum.
390 1195 466 1252 Cum
480 1195 559 1252 enim
573 1195 602 1253 id
618 1195 751 1267 advenit;
772 1206 844 1254 tunc

57 1290 139 1363 illud,
160 1291 237 1365 quod
256 1290 405 1367 praeteriit,
426 1291 551 1348 effluxit:
572 1301 684 1348 tantum
704 1301 843 1364 remanet,
860 1293 891 1343 1⁰
929 1294 931 1299 ’

57 1387 135 1461 quod
168 1387 273 1445 virtute
306 1397 336 1445 et
368 1396 448 1445 recte
481 1387 566 1445 factis
593 1396 768 1445 consecutus
794 1387 842 1446 sis.

57 1483 146 1542 Horo
173 1484 290 1558 quidem
317 1483 435 1555 cedunt,
463 1493 493 1541 et
518 1483 591 1556 dies,
618 1493 648 1542 et
668 1502 793 1556 menses,
814 1494 845 1542 et

57 1580 144 1651 nnni3
165 1599 222 1638 nec
244 1580 420 1655 praeteritum
442 1590 556 1655 tempus
579 1599 706 1655 unquam
727 1581 845 1639 reverti·

56 1685 113 1748 tur,
140 1695 206 1748 nec,
234 1675 304 1750 quid
331 1686 475 1751 sequatur,
504 1675 573 1733 sciri
598 1685 699 1752 potest
752 1675 844 1739 Quod

56 1771 163 1846 cuique
184 1772 322 1847 temporis
345 1773 381 1829 ad
404 1772 558 1829 vivendum
582 1772 675 1844 datur,
698 1790 734 1831 eo
757 1772 845 1831 debet
860 1779 891 1829 15

55 1886 121 1926 esse
141 1879 302 1926 contentus.
344 1867 449 1943 Neque
470 1867 548 1925 enirn
569 1867 712 1941 histrioni,
733 1878 766 1926 ut
784 1868 844 1945 pla·

56 1974 131 2037 ceat,
144 1965 311 2041 peragenda
323 1973 367 2020 est
380 1964 486 2035 fabula,
501 1962 599 2034 modo,
615 1963 645 2020 in
659 1982 844 2039 quocumque

56 2061 143 2119 suerit
163 2071 240 2131 actu,
260 2060 413 2135 probetu13
434 2077 529 2134 neque
552 2059 787 2134 sapientiusque
808 2060 844 2118 ad

56 2163 76 2190 “
85 2156 244 2215 Plaudite‘'
260 2155 421 2213 vivendum.

96 2252 188 2310 Breve
202 2251 280 2310 enirn
294 2261 407 2325 tempus
421 2249 513 2306 aetatis
527 2248 596 2306 satis
610 2257 654 2306 est
672 2247 793 2325 longum
808 2250 844 2308 ad
859 2255 891 2304 20

55 2349 130 2406 bene
157 2348 335 2421 honesteque
366 2345 527 2403 vivendum.
582 2344 636 2402 Sin
668 2345 845 2420 processeris

54 2445 181 2521 longius,
196 2462 255 2500 non
266 2441 359 2518 magis
372 2440 529 2498 dolendum
543 2449 597 2512 est,
609 2459 695 2515 quam
710 2440 844 2517 agricolae

56 2542 165 2612 dolent,
179 2538 326 2616 praeteriti
339 2537 420 2594 verni
441 2537 579 2613 temporis
599 2536 750 2608 suavitate,
765 2547 846 2596 ersta-

55 2647 114 2696 tem
145 2647 371 2707 autumnumque
406 2634 527 2690 venisse.
582 2632 641 2690 Ver
677 2631 756 2690 enirn
783 2642 846 2691 tan·

55 2752 142 2808 quam
156 2729 381 2790 adolescentiam
395 2728 550 2805 significat,
565 2728 748 2802 ostenditque
769 2729 846 2788 fruc·
860 2742 892 2792 25

55 2839 102 2886 tus
115 2829 244 2886 futuros:
266 2824 378 2898 reliqua
397 2833 528 2899 tempora
547 2823 726 2882 demetendis
746 2824 846 2884 fructi·

56 2927 110 2983 bus
124 2935 153 2983 et
165 2920 362 3001 percipiendis
373 2919 592 2978 accommodata
602 2930 677 2979 sunt.
718 2920 845 2981 Fructus

56 3031 152 3079 autem
160 3016 320 3079 senectutis
330 3026 374 3075 est
385 3014 433 3096 (ut
446 3035 526 3096 saepe
537 3016 619 3100 deniq
627 3027 872 3094 antepaxtoxm
