1904 3750
56 239 127 300 nr]
357 235 400 282 nn
420 235 566 282 omrcns.
809 273 813 278 .
861 221 901 283 66

95 384 233 444 ΧΧΧΠ.
269 383 318 441 Ac
335 382 446 441 duabus
466 384 502 441 iis
521 380 662 459 personis,
677 400 746 456 quas
767 399 854 457 supra

59 482 128 553 dixi,
150 482 237 538 tertia
259 480 435 557 adjungitur,
461 498 546 555 quam
570 498 655 536 casus
676 478 777 554 aliquis
802 487 852 536 aut
883 518 888 524 -

61 589 174 652 tempus
196 577 337 653 imponit;
369 587 469 650 quarta
488 575 585 648 etiam,
605 595 690 651 quam
710 576 853 634 nobismet

62 674 115 748 ipsi
126 673 241 749 judicio
255 683 357 730 nostro
372 673 629 732 accommodamus.
663 671 692 728 N
696 691 741 729 am
751 691 852 750 regna,

63 769 193 845 imperia,
214 770 391 840 nobilitates,
413 770 545 841 honores,
570 769 685 842 divitiae,
706 789 785 845 opes,
806 775 884 826 ea·5

63 885 116 940 qne
130 886 196 940 quae
216 875 282 923 sunt
304 866 351 922 bis
371 866 524 938 contraria,
546 866 577 923 in
602 885 669 923 casu
694 866 759 937 sita,
783 876 853 923 tem·
910 924 911 927 ,

64 963 180 1036 poribus
194 963 408 1039 gubernantur.
448 961 508 1038 Ipsi
533 973 627 1020 autem
648 981 747 1038 gerere
767 980 853 1037 quam

64 1077 215 1132 personam
236 1058 398 1127 velimus,a
417 1058 514 1117 nostrai
531 1058 676 1114 voluntate
695 1056 853 1132 proficisci·

64 1164 116 1212 tur.
158 1154 261 1230 Itaque
283 1173 315 1210 se
338 1154 386 1211 alii
408 1155 442 1212 ad
463 1153 682 1230 philosophiam,
698 1152 746 1210 alii
761 1153 853 1227 adjus

66 1251 159 1323 civile,
170 1251 218 1308 alii
229 1251 265 1308 ad
274 1250 478 1325 eloquentiam,
491 1251 652 1326 applicant:
673 1250 854 1325 ipsarumque
870 1255 901 1304 10

66 1347 201 1404 virtutum
212 1347 247 1408 ‚in
262 1346 320 1404 alit
336 1347 408 1403 alius
421 1347 528 1404 mavult
542 1346 692 1403 excellere.

101 1441 239 1504 Quorum
254 1461 323 1500 vero
343 1453 438 1518 patres
452 1453 501 1515 aut
516 1443 638 1518 majores
653 1441 748 1517 aliqud
762 1441 853 1518 glorid

65 1538 268 1613 praestiterunt,
284 1539 305 1596 ii
326 1538 441 1596 student
460 1539 627 1615 plerumque
645 1539 747 1597 eodem
762 1538 792 1595 in
806 1558 854 1616 ge·

66 1652 133 1692 nere
147 1635 242 1692 laudis
257 1634 418 1705 excellere3
440 1645 471 1692 ut
484 1636 524 1697 Q.
540 1635 667 1708 Mucius,
679 1636 711 1693 P.
723 1636 807 1708 filius,
823 1636 852 1692 in

64 1730 125 1806 jure
147 1732 242 1800 civili3
264 1731 349 1789 Pauli
370 1730 445 1789 filius
465 1732 622 1790 Africanus
638 1733 668 1790 in
681 1751 713 1789 re
727 1732 852 1791 militari.
870 1741 901 1789 15

66 1826 196 1889 Quidam
217 1837 325 1897 autem,
349 1828 384 1884 ad
407 1846 456 1885 eas
478 1828 578 1887 laudes
598 1849 669 1905 quas
691 1829 854 1905 apatribus

68 1937 252 2000 acceperunt,
268 1923 378 1980 addunt
400 1909 522 1999 aliquam
545 1944 642 1983 suam:
664 1936 696 1984 ut
714 1927 762 1983 hic
777 1925 853 1982 idem

44 2059 47 2067 ,
67 2019 224 2077 Africanus
232 2019 398 2093 eloquentia
407 2020 563 2078 cumulavit
573 2022 706 2079 bellicam
715 2022 853 2098 gloriam:

67 2116 144 2190 quod
165 2116 243 2173 idem
265 2115 335 2172 secit
354 2115 536 2188 Timotheus,
552 2117 680 2175 Cononis
696 2118 780 2187 filius,
795 2116 854 2190 qui,

68 2230 133 2269 cum
154 2212 223 2270 belli
244 2211 331 2268 laude
347 2230 410 2269 non'
421 2212 537 2270 inferior
552 2213 652 2270 fuisset
665 2231 749 2287 quam
762 2221 854 2285 pater,
870 2227 903 2275 no
931 2221 933 2225 '

68 2306 102 2364 ad
116 2326 180 2364 eam
194 2307 322 2376 laudem,
336 2307 473 2364 doctrinae
487 2318 516 2364 et
535 2307 645 2383 ingenii
667 2307 787 2383 gloriam
809 2306 856 2362 ad-‘

65 2403 143 2478 jecit.
186 2403 235 2460 Fit
258 2413 354 2459 autem
374 2403 528 2474 interdum,
542 2414 573 2460 ut
591 2403 734 2472 nonnulli,
748 2401 855 2458 omissa

69 2499 228 2557 imitatione
249 2498 400 2573 majorum,
421 2518 505 2557 suum
525 2499 668 2573 quoddam
693 2497 855 2554 institutum

69 2606 300 2671 consequantur:
322 2594 500 2670 meximeque
521 2595 550 2651 in
571 2614 606 2652 eo
619 2596 786 2671 plerumque
801 2592 857 2650 ela·

69 2691 168 2751 borant
183 2692 213 2763 ii,
229 2690 279 2767 qui
293 2709 399 2767 magna
409 2692 464 2749 sibi
474 2703 646 2768 proponunt,
659 2689 790 2775 obscuris
800 2690 856 2747 orti
872 2697 905 2745 tn

68 2788 231 2865 majoribus.
383 2774 385 2778 Α

105 2882 180 2942 Haec
195 2885 284 2961 igitur
296 2882 402 2955 omnia,
413 2904 478 2942 cum
491 2885 653 2960 quaerimus,
666 2884 733 2960 quid
746 2884 857 2958 deceat,

69 2981 222 3059 complecti
249 2980 348 3039 animo
375 2990 404 3039 et
432 2981 610 3064 cogitatione
637 2983 792 3045 debemus„
823 2979 872 3040 hp

298 3076 319 3133 6
328 3076 347 3112 t
