1904 3750
84 182 142 244 182
416 192 459 236 ns
481 192 625 236 onereris.
819 191 914 253 [um

19 328 28 339 ⁵
126 348 311 409 mercaturas,
345 337 524 396 venditiones
557 338 771 394 fraudulentasl
832 335 914 393 Ecce

126 434 189 507 tibi,
214 435 263 509 qui
283 453 340 511 ‘rex
366 434 464 509 populi
491 434 618 491 Romani
642 434 830 508 dominusque
855 453 915 491 om-

126 532 206 589 nium
221 531 348 608 gentium
363 549 426 586 esse
441 530 631 605 concupierit,
647 530 733 604 idque
751 530 912 605 perfecerit.

127 627 214 684 Hanc
241 627 427 702 cupiditatem
447 627 471 682 si
492 627 641 682 honestam
662 626 726 700 quis
747 645 810 683 esse
832 627 913 699 dicit,

96 732 225 781 oamens
255 733 314 778 est:
349 723 451 797 probat
485 721 562 778 enim
595 722 691 798 legum
719 732 749 778 et
774 722 915 779 libertatis

127 817 282 888 interitum,
310 836 465 891 earumque
499 819 715 893 oppressionem
749 828 851 875 tetram
886 829 915 875 et

127 915 334 985 detestabilem,
350 914 502 990 gloriosam
517 924 604 989 putat.
644 913 707 975 Qui
730 925 824 972 autem
846 915 915 972 sate·

126 1020 182 1082 tut,
211 1010 362 1067 honestum
395 1029 454 1066 non
488 1029 560 1080 esse,
589 1010 618 1066 in
645 1010 680 1067 ea
708 1011 824 1069 civitate
851 1031 914 1085 quae

127 1107 218 1164 libera
237 1107 299 1177 suit,
314 1125 435 1181 quaeque
455 1125 517 1163 esse
537 1107 651 1177 debeat,
666 1125 796 1183 regnare,
811 1108 861 1164 sed
876 1108 913 1180 ei,

83 1215 114 1266 10
128 1204 176 1278 qui
191 1204 220 1260 id
235 1203 328 1260 lacere
342 1203 438 1279 possit,
453 1221 516 1258 esse
537 1203 623 1272 utile3
646 1203 702 1277 quit
723 1205 801 1260 hunc
821 1204 914 1279 objur-

128 1301 252 1376 gatione,
269 1310 317 1356 aut
338 1318 394 1374 quo
414 1299 510 1374 potius
531 1300 671 1371 convicio,
687 1310 796 1357 atanto
817 1319 914 1357 errore

128 1415 216 1453 coner
237 1396 377 1452 avelleret
418 1394 516 1453 Potest
530 1397 606 1454 enim
623 1397 687 1474 (Dii
708 1396 913 1475 immortalesl)

128 1491 261 1564 cuiquam
286 1510 348 1547 esse
375 1492 444 1549 utile
472 1492 660 1550 foedissimum
683 1503 712 1550 et
736 1493 914 1550 teterrimum

126 1586 312 1660 parricidium
339 1588 454 1662 patriae3
484 1589 612 1663 quamvis
633 1589 666 1658 is,
688 1589 737 1663 qui
758 1608 788 1645 se
809 1607 844 1644 eo
865 1589 915 1646 ob·

82 1691 114 1740 15
127 1681 281 1753 strinxerit,
304 1684 339 1739 ab
353 1685 502 1759 ¹oppressis
524 1685 635 1741 civibus
655 1684 762 1741 Parens
786 1685 914 1742 nomine-

126 1779 192 1834 turl
246 1778 406 1836 Honestate
434 1781 520 1857 igitur
547 1780 698 1856 dirigenda
725 1782 833 1838 utilitas
860 1794 912 1853 est,

127 1873 290 1947 etquidem
318 1875 370 1946 sic,
393 1887 424 1932 ut
444 1877 506 1933 haec
527 1876 585 1932 duo
605 1877 691 1934 verbo
713 1876 786 1933 inter
808 1896 838 1933 se
858 1877 915 1934 dis·

127 1988 255 2044 crepare,
270 1991 300 2027 re
314 1982 409 2028 tamen
425 1991 513 2029 unum
528 1991 640 2042 sonare,
656 1972 813 2031 videantur.

166 2065 235 2123 Non
257 2067 358 2134 habeo,
381 2068 415 2124 ad
436 2068 513 2144 vulgi
541 2069 716 2143 opinionem,
737 2090 799 2145 quae
827 2071 913 2146 major

81 2173 113 2223 20
127 2163 245 2234 utilitas,
259 2184 343 2239 quam
357 2165 506 2240 regnandi,
522 2183 584 2220 esse
598 2166 704 2239 possit:
727 2167 796 2222 nihil
813 2179 914 2224 contra

127 2259 256 2316 inutilius
267 2260 303 2331 ei,
316 2261 363 2334 qui
379 2261 406 2316 id
422 2261 526 2336 injuste
541 2271 716 2318 consecutus
730 2264 776 2333 sit,
788 2263 912 2335 invenio,

126 2374 191 2413 curn
208 2357 242 2412 ad
257 2357 403 2412 veritatem
419 2358 491 2432 coepi
507 2376 642 2415 revocare
658 2359 805 2414 rationem.
847 2359 914 2418 Pos-

125 2461 192 2507 sunt
212 2452 288 2507 enim
311 2452 442 2526 cuiquam
464 2472 526 2509 esse
548 2454 631 2510 utiles
653 2473 784 2529 angores
807 2455 914 2512 sollici·

124 2546 248 2618 tudines,
271 2547 365 2603 diurni
385 2558 415 2605 et
435 2550 570 2606 nocturni
592 2560 695 2620 metus,
718 2549 776 2605 vita
798 2550 914 2608 insidia·

80 2653 112 2702 25
125 2661 187 2699 rum
201 2643 449 2719 periculorumque
463 2646 650 2720 plenissimal

144 2788 244 2837 “Multi
254 2789 332 2852 iniqui
344 2797 416 2853 atque
428 2792 541 2841 infideles
552 2808 638 2857 regno,
649 2793 723 2854 pauci
734 2802 795 2843 sunt
805 2797 891 2859 boni,’'

106 2925 209 3005 inquit
224 2933 353 2995 Accius.
397 2935 439 2995 At
460 2936 509 2996 cui
525 2936 633 3015 regnat
651 2936 738 3010 quod,
754 2955 770 2994 a
784 2937 912 2996 Tantalo
