1904 3750
216 284 353 343 omarus,
368 284 442 331 srva
460 284 503 330 nn
523 283 681 330 aurorem.
848 265 890 332 78

54 442 158 508 potest,
181 432 292 489 idcirco
312 451 385 489 verre
408 432 541 489 amicitiae
565 431 747 508 sempiterne
767 441 842 490 sunt.

53 529 160 586 Ortum
185 529 301 603 quidem
330 529 463 585 amicitiae
488 529 600 600 videtis,
625 529 680 585 nisi
709 529 778 603 quid
809 528 844 586 ad

57 627 119 682 haec
140 625 213 682 forte
235 625 328 682 vultis.

95 722 236 778 Fannius.
283 721 332 778 Tu
360 740 427 778 vero
453 740 551 798 perge,
579 721 673 779 Laeli:
707 740 761 797 pro
788 721 845 778 hoc

56 818 144 889 enim,
159 818 207 893 qui
222 819 316 874 minor
330 829 373 874 est
387 828 467 888 natu,
476 826 547 874 'meo
558 818 622 892 jure
636 818 804 893 respondeo.
859 823 875 871 5

97 916 231 971 Scoeoola.
273 915 369 971 Recte
390 924 421 970 tu
442 914 574 987 quidem:
596 915 782 987 quamobrem
798 933 847 972 au-

58 1011 178 1068 diamus.

96 1203 134 1260 X.
177 1203 295 1261 Lelius.
337 1202 447 1260 Audite
474 1221 554 1279 ergo,
583 1202 684 1278 optimi
713 1202 775 1273 viri,
801 1222 846 1273 ea,

58 1319 120 1374 quoe
136 1301 290 1375 sepissime
310 1300 384 1356 inter
404 1318 448 1355 me
467 1310 496 1356 et
516 1299 682 1375 Scipionem
698 1298 734 1355 de
748 1299 848 1355 amici·

56 1397 98 1453 tit
121 1397 351 1454 disserebantur:
374 1415 536 1470 quanquam
562 1396 610 1452 ille
633 1395 750 1469 quidem
774 1394 845 1452 nihil
862 1404 895 1453 10

57 1493 203 1549 difficilius
216 1511 279 1549 esse
294 1493 418 1562 dicebat,
434 1511 519 1566 quarn
535 1491 691 1548 amicitiam
706 1509 796 1565 usque
811 1491 847 1548 ad

57 1600 215 1645 extremum
240 1589 304 1645 vitae
332 1608 507 1663 permanere.
550 1587 638 1660 Nam,
663 1589 707 1645 vel
732 1597 764 1644 ut
787 1606 847 1645 non

58 1684 133 1740 idem
155 1685 302 1760 expediret
322 1686 446 1759 utrique,
468 1687 597 1743 incidere
618 1705 714 1760 saepe3
750 1685 794 1742 vel
815 1693 848 1741 ut

58 1780 94 1835 de
115 1781 264 1855 republica
283 1800 342 1837 non
364 1782 439 1838 idem
460 1782 616 1851 sentirent;
638 1782 742 1839 mutari
759 1781 847 1838 etiam

58 1894 153 1932 mores
183 1877 331 1933 hominum
359 1896 435 1952 saepe
462 1879 587 1947 dicebat,
617 1878 688 1934 alias
722 1877 847 1934 adversis
862 1887 895 1936 15

59 1973 154 2042 rebus,
171 1973 240 2030 alias
261 1984 342 2030 aetate
364 1974 590 2050 ingravescente.
633 1974 730 2047 Atque
746 1992 847 2030 earum

59 2088 153 2125 rerum
168 2070 329 2144 exemplum
345 2090 380 2126 ex
394 2070 582 2126 similitudine
602 2070 734 2143 capiebat
748 2069 849 2125 ineun-

58 2166 96 2222 tis
116 2166 217 2235 aetatis,
240 2167 316 2240 quod
337 2166 441 2222 summi
462 2183 617 2240 puerorum
640 2182 752 2220 amores
772 2182 848 2237 saepe

59 2263 116 2318 una
132 2281 197 2318 cum
210 2263 348 2336 praetextri
362 2272 546 2336 ponerentur.

98 2359 150 2415 Sin
186 2370 280 2415 autem
316 2358 350 2414 ad
386 2356 610 2415 adolescentiam
637 2354 847 2431 perduxissent,
862 2364 896 2416 uu

59 2455 154 2511 dirimi
175 2465 271 2511 tamen
294 2455 437 2511 interdum
460 2453 656 2523 contentione,
674 2452 718 2507 vel
740 2451 848 2508 uxoriae

58 2552 244 2621 conditionis,
270 2551 312 2607 vel
339 2550 484 2607 commodi
513 2549 645 2624 aiicujus,
670 2547 747 2622 quod
772 2547 849 2604 idem
929 2599 932 2605 .

60 2647 181 2721 adipisci
195 2659 315 2721 uterque
336 2657 394 2703 non
414 2655 519 2721 posset.
560 2645 652 2706 Quod
672 2644 697 2701 si
718 2643 768 2719 qui
787 2642 851 2699 lon·

59 2743 124 2819 gius
152 2743 182 2800 in
210 2743 338 2800 amicitiai
365 2742 494 2818 provecti
519 2751 624 2811 essent,
649 2751 746 2798 tamen
774 2758 849 2815 saepe
943 2748 947 2757 ⁴

57 2840 235 2910 labefactari,
257 2840 281 2895 si
303 2840 333 2895 in
354 2838 472 2895 honoris
495 2837 711 2894 contentionem
733 2836 896 2899 incidis-25

58 2947 140 2993 sont:
161 2948 271 3012 pestem
291 2935 367 2991 enim
383 2935 520 3010 majorem
534 2952 598 2991 esse
612 2935 721 2992 nullam
735 2934 765 2991 in
781 2923 850 2991 ami·

59 3032 146 3104 citiis,
158 3052 243 3109 quam
258 3032 288 3090 in
301 3031 449 3110 plerisque
462 3031 601 3111 pecuniae
614 3017 882 3107 cupidatum&

273 3133 292 3190 7
