1904 3750
54 233 143 295 am]
350 231 393 277 ua
415 231 559 279 cummis.
607 267 609 274 s
837 219 892 279 141

55 383 189 459 sibosque
208 379 354 458 negotiis,
370 381 454 438 armis
476 381 570 457 impiis
590 381 683 456 vique,
701 379 848 457 prohibiti,

55 481 143 538 otium
163 478 386 556 persequimur3
414 489 452 549 et,
473 479 595 536 obeam
623 497 749 551 causam,
776 480 848 538 urbe

54 577 166 646 relicti,
181 594 253 633 rura
273 585 468 650 peragrantes,
483 594 558 650 saepe
572 575 626 632 soli
640 595 745 634 sumus.
787 577 847 634 Sed

55 690 110 729 nec
129 672 224 729 otium
246 671 307 726 hoc
326 687 392 726 cum
405 671 537 729 Africani
552 672 621 743 otio,
636 691 691 730 nec
705 674 767 732 haec
781 673 847 731 soli-

55 769 124 826 tudo
138 785 209 824 cum
224 766 276 823 ills
291 769 484 841 comparanda
497 777 548 825 est.
590 767 642 826 Ille
656 769 743 842 enim,
755 771 847 845 requi·
861 771 877 820 5

56 882 159 920 ascens
188 881 206 920 a
234 861 405 937 reipublicae
438 864 638 939 pulcherrimis
671 867 846 940 muneribus,

56 961 146 1018 otium
168 958 225 1017 sibi
245 959 378 1016 sumebat
399 960 567 1037 aliquand03
588 971 617 1018 et
631 980 648 1018 a
662 972 737 1020 ooetu
757 963 848 1020 homi-

57 1074 126 1113 num
148 1053 369 1130 frequentiaque
389 1056 541 1129 interdum,
563 1067 698 1132 tanquam
725 1059 756 1115 in
782 1077 848 1134 pcr-

58 1162 127 1225 tum‚
157 1172 188 1209 se
216 1152 246 1210 in
276 1151 459 1210 solitudinem
487 1153 652 1229 recipiebat.
707 1152 847 1210 Nostrum

60 1260 155 1306 autem
181 1249 274 1306 otium
299 1248 407 1324 negotii
430 1249 538 1326 inopiis,
563 1269 622 1307 non
649 1249 849 1324 requiescendi
863 1248 894 1297 1⁰

60 1347 164 1417 sudio,
180 1345 371 1403 constitutum
388 1356 438 1404 est.
480 1347 631 1404 Exstincto
645 1346 722 1403 enim
737 1356 848 1419 senatu,

59 1441 216 1518 deletisque
234 1440 364 1517 judiciis,
378 1443 448 1516 quid
468 1453 521 1515 est,
536 1444 612 1518 quod
627 1444 746 1520 dignum
764 1443 848 1502 nobis

61 1539 157 1596 autin
179 1538 264 1596 curid
287 1539 384 1595 autin
406 1539 468 1599 foro
489 1559 573 1616 agere
591 1541 752 1616 possimus?
792 1540 848 1600 Ita·

60 1653 122 1710 que,
141 1634 192 1711 qui
213 1634 244 1692 in
265 1634 391 1692 maxima
411 1635 578 1694 celebritate
600 1648 684 1713 atque
704 1639 734 1696 in
755 1639 848 1697 oculis

62 1730 165 1789 civium
186 1730 335 1806 quondam
355 1732 486 1804 viximus,
508 1753 587 1791 nunc
611 1735 753 1812 fugientes
780 1755 849 1794 eou-
863 1736 894 1785 15

60 1839 189 1903 spectum
204 1827 419 1901 sceleratorum,
434 1829 538 1904 quibus
558 1831 656 1889 omnia
675 1833 848 1906 redundant,

61 1925 191 1982 abdimus
209 1943 275 1995 nos,
290 1935 428 1997 quantum
448 1927 527 1994 licet,
542 1937 570 1984 et
584 1947 659 2004 saepe
673 1930 726 1986 soli
740 1949 847 1988 sumus.

60 2021 128 2094 Sed,
149 2021 220 2096 quia
239 2021 284 2078 sic
306 2021 341 2077 ab
361 2021 526 2080 hominibus
552 2024 646 2081 doctis
673 2027 847 2101 accepimus,

59 2135 118 2176 non
131 2118 226 2176 solum
241 2137 277 2175 ex
291 2118 374 2175 malis
387 2119 495 2196 eligere
509 2119 628 2176 minima
643 2131 782 2195 oportere,
797 2120 848 2178 sed

60 2216 147 2273 etiam
161 2231 318 2290 excerpere
329 2233 364 2272 ex
377 2216 421 2272 his
434 2216 513 2292 ipsis,
526 2214 628 2291 siquid
643 2215 749 2272 inesset
763 2216 848 2287 boni;
862 2218 894 2268 20

60 2321 211 2387 propterea
234 2322 264 2369 et
289 2311 350 2369 otio
374 2313 460 2385 fruor,
481 2330 541 2369 non
569 2311 618 2368 illo
646 2311 771 2386 quidem,
792 2331 850 2387 quo

60 2408 164 2466 debeat
176 2408 202 2466 is
214 2409 265 2484 qui
280 2409 425 2482 quondam
441 2408 599 2486 peperisset
612 2407 702 2465 otium
723 2407 832 2465 civitati
840 2429 848 2478 ;

61 2523 193 2565 neceam
208 2505 393 2564 solitudinem
410 2506 548 2582 languere
561 2505 665 2581 patior,
680 2523 765 2579 quarn
778 2504 850 2562 mihi

62 2605 143 2661 affert
156 2602 327 2673 necessitas,
342 2621 406 2658 non·
415 2602 555 2659 voluntas.

96 2701 280 2777 Quanquam
307 2699 464 2756 Africanus
493 2699 630 2775 majorem
664 2698 779 2756 laudern
805 2696 849 2756 vel
863 2706 895 2758 25

59 2814 124 2857 meo
158 2797 275 2876 judicio
310 2796 530 2871 assequebatur:
564 2797 644 2854 nulla
676 2793 754 2851 enim
788 2793 850 2871 ejus

58 2894 170 2975 ingenii
186 2901 377 2953 monumenta
390 2890 525 2949 mandata
537 2891 638 2959 literis,
653 2891 764 2950 nullum
778 2909 851 2970 opus

56 2993 118 3070 otii,
139 2991 255 3054 nullum
279 2986 448 3049 solitudinis
475 3007 586 3052 munus
608 2998 725 3052 castae.
749 3007 794 3051 aa
806 3002 873 3065 aaa
