1904 3750
57 272 98 332 88
260 282 398 342 nnuma,
416 281 490 328 srva
515 281 559 327 nn
579 280 738 328 amotum.

103 441 222 507 teponat
245 432 320 489 caol
359 430 463 492 Quidt
495 430 558 486 haec
586 439 618 487 ut
644 429 785 501 omittam,
812 447 901 504 quam

104 546 215 605 graves,
239 547 325 602 quam
353 527 496 598 difficiles,
521 526 665 602 plerisque
691 525 824 584 videntur
851 544 904 583 ca·

103 624 264 683 lamitaturn
289 623 461 680 societates!
498 623 533 679 ad
557 642 637 697 quas,
662 641 722 679 non
746 632 790 680 est
814 623 900 682 facile

104 720 231 792 inventu,
274 720 324 794 qui
357 719 522 777 descendat.
567 719 746 799 Quanquam
785 719 902 777 Ennius

73 826 202 876 tracte:

208 911 340 959 “Amicus
351 917 434 959 certus
446 911 473 959 in
484 925 510 959 re
522 910 617 959 incerta
628 910 739 959 cernitur
748 909 772 958 :'’

103 1020 200 1068 tamen
215 1011 277 1068 haec
292 1011 350 1068 duo
364 1011 488 1069 levitatis
504 1020 533 1067 et
551 1009 725 1067 infirmitatis
745 1010 901 1086 plerosque

104 1108 296 1179 ccnvincuut;
320 1119 369 1166 aut
391 1108 466 1166 siin
488 1107 573 1165 bonis
594 1107 680 1164 rebus
698 1116 900 1180 contemnunt,

105 1216 153 1261 aut
167 1205 198 1262 in
211 1206 295 1262 malis
309 1206 453 1262 deserunt.

59 1406 89 1457 10
143 1396 258 1456 XVIII.
286 1397 349 1459 Qui
364 1397 451 1474 igitur
465 1397 587 1472 utraque
601 1397 631 1454 in
645 1415 677 1455 re
691 1415 818 1474 gravem,
829 1415 902 1454 con·

104 1504 238 1567 stantem,
253 1494 383 1551 stabilem
398 1513 428 1550 se
443 1494 473 1551 in
488 1493 616 1550 amicitia
629 1493 803 1570 praestiterit,
819 1494 899 1552 hunc

66 1602 68 1606 ‘
104 1590 273 1648 exmaxime
287 1608 352 1647 raro
373 1589 521 1647 hominurn
542 1607 649 1666 genere
666 1589 799 1667 judicare
813 1590 903 1647 debe·

104 1705 177 1757 mus,
192 1695 222 1743 et
234 1704 316 1760 paene
331 1685 438 1743 divino.

144 1781 371 1838 Firmamentum
387 1792 481 1838 autem
496 1782 660 1839 stabilitatis
671 1783 902 1857 constantiaeque

59 1892 89 1939 15
105 1877 176 1953 ejus,
191 1897 276 1953 quam
291 1878 321 1934 in
334 1878 461 1936 amicitiai
472 1879 635 1953 quaerimus,
648 1879 718 1935 fides
732 1890 782 1936 est.
815 1879 899 1937 Nihil

105 1974 182 2032 enirn
203 1975 305 2032 stabile
327 1985 380 2046 est,
396 1975 473 2049 quod
493 1974 613 2031 infidum
634 1985 685 2031 est.
728 1975 900 2049 Simplicem

104 2082 253 2148 praterea,
273 2081 302 2128 et
323 2090 516 2142 communem,
538 2082 567 2127 et
588 2072 828 2143 consentientem,
849 2073 900 2146 qui

105 2170 191 2225 rebus
206 2169 307 2225 iisdem
322 2178 479 2238 moveatur,
492 2168 559 2243 eligi
574 2187 625 2242 par
640 2177 700 2224 est:
723 2187 785 2241 quae
799 2170 901 2227 omnia

105 2266 250 2341 pertinent
263 2266 297 2321 ad
309 2264 493 2321 fidelitatem:
513 2265 694 2337 nequeenim
706 2264 794 2320 fidum
804 2276 899 2339 potest

58 2372 89 2420 20
106 2379 169 2417 esse
191 2361 339 2435 multiplex
363 2360 521 2435 ingenium,
546 2369 576 2415 et
596 2369 776 2416 tortuosum:
803 2378 901 2434 neque

105 2474 182 2525 vero,
198 2456 247 2530 qui
269 2475 327 2511 non
350 2455 452 2511 iisdem
475 2456 560 2511 rebus
583 2466 722 2525 movetur,
745 2465 773 2511 et
794 2456 899 2513 naturai

105 2551 259 2622 consentit,
276 2561 323 2607 aut
337 2551 411 2607 fidus
426 2560 474 2606 aut
488 2550 599 2607 stabilis
609 2562 704 2625 potest
718 2570 791 2608 esse.

144 2648 320 2704 Addendum
344 2647 446 2703 eodem
468 2656 522 2718 est,
544 2658 575 2704 ut
600 2666 637 2703 ne
660 2647 830 2704 criminibus
850 2658 899 2705 aut

105 2744 262 2800 inferendis
289 2743 458 2815 delectetur,
483 2753 530 2800 aut
558 2744 657 2800 credat
681 2744 801 2800 oblatis:
834 2762 898 2816 qum

56 2842 88 2891 25
105 2839 356 2914 omniapertinent
371 2841 406 2896 ad
421 2858 494 2910 eam,
509 2858 594 2913 quam
609 2839 778 2914 jamdudum
792 2848 896 2911 tracto,

96 2937 305 2996 constantiam.
354 2935 402 2994 Ita
423 2935 456 2993 iit
481 2954 579 2991 verum
605 2935 686 3006 illud,
714 2935 788 3010 quod
813 2934 898 2992 initio

83 3035 158 3111 dini,
177 3037 362 3113 amicitiam,
377 3035 438 3096 nisi
450 3035 526 3094 inter
537 3033 648 3101 nanas,
658 3048 722 3087 essa
736 3047 800 3084 nnn
805 3049 904 3103 nasse.
