1904 3750
145 189 202 249 146
477 196 520 243 nn
543 196 688 242 ouucns.
883 193 924 255 [n

189 346 337 405 venienter
365 355 475 404 naturae
501 345 626 418 vivere,”
655 345 685 402 id
713 344 799 401 habet
832 342 918 415 hane,

189 443 301 520 opinor,
316 444 498 515 sententiam,
513 461 580 500 oum
600 442 705 499 virtute
726 459 886 517 congruere
907 459 951 496 se

189 558 258 617 per;
294 549 400 597 eaetera
427 549 532 611 autem,
560 557 623 613 qure
653 537 814 594 secundum
847 546 950 593 natura

190 646 296 709 essent,
312 637 352 694 ita
370 636 477 713 legere,
491 635 517 693 si
531 654 565 693 ea
578 634 676 692 virtuti
695 653 754 691 non
776 652 950 710 repugnare

157 732 280 795 sttuod
304 752 371 791 eum
394 733 435 790 ita
455 732 501 801 sit,
521 741 623 808 putant
650 730 777 806 quidam,
799 730 875 789 hano
904 748 940 787 eo

189 830 369 906 parationem
389 848 449 887 uon
469 839 548 887 reete
570 829 772 899 introductam,
789 847 846 885 neo
862 828 952 885 omni

190 926 227 983 de
250 945 287 983 eo
311 946 418 1004 genere
446 927 602 1002 quidquem
627 924 854 1001 praeeipiendum
882 924 949 981 luis

190 1023 288 1099 Atque
316 1024 387 1081 illud
421 1024 537 1099 quidem
572 1024 735 1093 honestum,
762 1021 841 1097 quod
867 1039 951 1097 propr

189 1139 312 1196 vereque
326 1121 441 1192 dicitur,
457 1121 487 1178 id
501 1121 531 1178 in
545 1119 722 1197 sapientibus
736 1128 779 1174 est
793 1117 871 1199 solis,
885 1137 943 1192 neq

143 1213 175 1264 1⁰
191 1217 324 1275 avirtute
339 1216 435 1273 divelli
456 1235 582 1290 unquam
601 1224 712 1291 potest3
734 1213 764 1271 in
779 1212 815 1270 iis
829 1223 934 1283 autem,

190 1313 293 1388 quibus
314 1312 455 1388 sapientia
474 1312 604 1387 perfecta
631 1330 689 1368 non
716 1320 769 1382 est,
790 1309 883 1384 ipsum
908 1307 938 1365 ill

190 1410 306 1483 quidem
325 1409 486 1485 perlectum
507 1410 661 1466 honesturn
675 1406 867 1478 nullomodo,
882 1405 945 1463 sim'

189 1505 305 1562 tudines
319 1505 433 1562 honesti
447 1523 511 1562 esse
524 1515 653 1581 possunt.

229 1599 303 1658 Haeo
323 1600 520 1662 enimomnia
539 1601 645 1673 officia,
661 1601 697 1658 de
711 1600 816 1677 quibus
830 1600 879 1657 nis
899 1598 940 1656 lib

142 1694 174 1744 15
189 1697 377 1773 disputamus,
399 1697 496 1757 media
516 1698 611 1755 Stoici
633 1699 786 1774 appellant.
837 1697 881 1754 Ea
903 1715 939 1753 oo

189 1793 377 1865 munierunt,
392 1805 421 1851 et
435 1794 493 1852 late
512 1804 627 1869 patent3
650 1813 714 1868 quae
728 1804 756 1851 et
773 1794 883 1871 ingenii
900 1794 937 1850 bo

189 1900 248 1947 tate
262 1890 344 1947 multi
365 1900 566 1964 assequuntur,
581 1901 609 1947 et
624 1891 822 1967 progressione
838 1891 952 1947 discen

189 1985 267 2043 Illud
283 1998 377 2044 autern
398 1987 536 2060 officium,
552 1987 627 2062 quod
649 1997 761 2044 rectum
782 1986 868 2044 iidem
888 2007 952 2062 opu

189 2083 259 2154 lant,
271 2083 430 2158 perfeetum
446 2093 531 2158 atque
547 2083 708 2169 obuolutum
722 2092 776 2154 est,
787 2093 816 2140 et
832 2082 878 2160 (ut
892 2083 950 2140 iide

142 2178 174 2228 20
189 2179 304 2259 dieunt)
327 2199 427 2238 omnes
448 2198 584 2237 numeros
604 2181 706 2250 habet3
728 2198 794 2250 neo,
814 2189 917 2253 praeter
942 2204 948 2211 “

188 2275 326 2352 pientem,
355 2276 460 2334 cadere
488 2277 517 2333 iu
545 2294 715 2351 quemquam
748 2285 847 2352 potest.
903 2275 949 2331 Cu

191 2381 287 2429 autem
309 2372 415 2447 aliquid
438 2383 535 2429 aetum
557 2382 610 2443 est,
632 2371 739 2446 inquo
763 2370 859 2428 media
885 2371 951 2427 offic

190 2479 384 2544 compereant,
396 2468 426 2525 id
440 2468 586 2525 cumulate
600 2468 712 2525 videtur
725 2486 789 2524 esse
801 2466 934 2542 perfectu

189 2575 340 2640 propterea
366 2565 441 2640 quod
470 2565 581 2642 vulgus,
606 2564 676 2639 quid
703 2563 777 2621 absit
801 2582 818 2620 a
840 2564 939 2638 perfec

142 2661 175 2710 25
190 2680 248 2718 uon
275 2661 334 2719 lere
361 2661 511 2737 intelligit3
540 2662 682 2736 qndtenus
710 2670 805 2718 nutem
833 2661 946 2738 intellig

190 2756 262 2814 nihil
282 2766 364 2833 putat
386 2757 618 2832 praetermissum.
658 2756 750 2819 Quod
771 2756 840 2814 item
861 2757 891 2814 in
911 2778 950 2834 po

182 2852 314 2909 metibus
334 2863 364 2911 et
382 2852 504 2928 picturis
524 2873 578 2910 usu
599 2853 686 2924 venit,
708 2852 738 2909 in
761 2852 881 2928 aliisque
903 2873 952 2910 eo

165 2941 323 3024 Pluribus,
339 2960 373 3010 ut
395 2950 580 3012 delectentur
600 2947 737 3029 imperiti,
749 2948 925 3026 laudentque
