1904 3750
66 245 122 305 1⁰0
275 257 414 316 LAELIUS,
429 257 504 305 slva
523 256 568 305 DE
585 255 743 305 salerna
815 252 817 256 ’

110 406 198 467 verbo
211 406 342 465 lubenter
356 405 476 486 utimur)
489 406 610 464 comitas
621 404 713 464 adsit:
734 403 900 477 assentatio,

110 502 246 560 vitiorum
269 501 400 578 adjutrix,
422 502 524 577 prooul
549 511 728 572 amoveatur3
757 519 819 576 qna
840 517 901 559 non

111 599 199 656 modo
220 598 324 670 amieo,
345 598 396 654 sed
419 617 456 654 ne
476 598 568 655 libero
588 597 715 673 quidem,
736 596 826 674 digna
847 605 900 655 eat.

111 693 205 750 Aliter
233 693 311 750 enim
338 711 405 751 eum
429 703 561 769 tyranno,
591 692 673 750 aliter
700 710 768 750 oum
796 692 900 765 amico,

79 790 222 850 enititur.
739 848 742 855 ι

150 885 242 962 Cujus
256 895 351 944 autem
374 905 457 944 autes
477 885 590 944 veritati
606 885 713 943 clause
726 895 804 957 sunt,
818 895 851 942 ut
866 885 901 943 ab

112 982 206 1040 arnico
220 1001 318 1041 verum
339 983 439 1041 audire
459 992 593 1057 nequeat,
607 981 692 1058 hujus
712 981 790 1040 salus
802 982 902 1057 despe-

110 1079 201 1136 randa
220 1090 272 1139 est.
323 1081 436 1138 Scitum
463 1089 507 1137 est
526 1078 606 1136 enim
625 1077 696 1136 illud
716 1077 848 1150 Catonis,
869 1088 901 1136 ut

110 1176 209 1248 multa,
232 1176 368 1235 “Melius
382 1177 417 1234 da
436 1176 606 1253 quibusdam
627 1175 746 1233 acerbos
766 1174 901 1232 inimicos

64 1283 95 1333 10
109 1274 224 1346 mereri,
237 1294 323 1351 quam
342 1293 392 1333 eos
414 1274 521 1332 amieos
534 1272 590 1348 qui
611 1271 712 1329 dulces
729 1271 899 1330 videantur:

110 1370 173 1428 illos
188 1391 286 1429 verum
301 1389 376 1448 saepe
396 1371 504 1442 disere,
519 1370 571 1427 hos
587 1369 761 1444 nunquam.'’
803 1368 901 1443 Atque

110 1467 181 1524 illud
204 1467 357 1525 absurdum
379 1476 432 1538 est,
446 1466 523 1541 quod
542 1466 573 1537 ii,
587 1465 636 1540 qui
658 1474 821 1535 monentur,
836 1483 900 1522 earn

110 1563 280 1636 molestiam,
302 1582 386 1639 quam
413 1563 519 1620 debent
543 1580 656 1637 capere,
681 1581 739 1620 non
761 1561 898 1637 oapiunt;

110 1676 174 1716 eam
188 1659 315 1734 capiunt,
327 1659 383 1733 qual
394 1658 501 1715 debent
511 1677 622 1715 vacare.
664 1658 808 1716 Peoetlsse
822 1658 900 1716 enim

64 1759 140 1812 15se
175 1774 234 1811 non
263 1765 421 1832 anguntur;
456 1755 603 1832 objurgari
634 1756 754 1813 moleste
788 1755 900 1814 serunt:

109 1851 185 1926 quod
201 1863 302 1909 contra
324 1853 483 1928 oportebat,
504 1852 611 1910 delicto
633 1852 739 1924 dolere,
764 1851 901 1910 eorrecti-

110 1968 166 2006 one
180 1949 315 2026 gaudere.

149 2142 247 2200 XXV.
289 2143 328 2201 Ut
343 2142 430 2220 igitur
462 2152 490 2198 et
514 2160 631 2199 monere
654 2151 683 2198 et
704 2142 816 2198 moneri
837 2161 900 2216 pro·

110 2239 204 2313 prium
218 2251 262 2297 est
272 2258 344 2296 verae
357 2239 508 2309 amicitiae;
524 2247 553 2296 et
564 2238 684 2295 alterum
695 2238 784 2295 libere
794 2238 900 2310 secere,

63 2345 94 2394 20
112 2353 169 2392 non
198 2355 313 2412 aspere;
347 2335 466 2391 alterum
493 2335 633 2410 patienter
668 2335 809 2409 accipere,
840 2354 900 2392 non

111 2443 303 2507 repugnanter
314 2451 321 2502 ;
343 2431 386 2488 sio
407 2432 570 2488 habendum
590 2441 643 2503 est,
659 2431 766 2488 nullam
788 2431 818 2488 in
832 2432 901 2488 ami·

111 2526 188 2583 uitiis
211 2539 319 2603 pestem
341 2546 404 2584 esse
426 2527 573 2603 majorem,
588 2545 673 2600 quam
695 2527 900 2599 adulationem,

111 2622 287 2694 blanditiam,
304 2624 542 2680 assentationem:
564 2623 693 2697 quamvis
707 2624 784 2680 enim
803 2625 901 2681 multis

110 2719 275 2776 nominibus
303 2729 346 2775 est
376 2719 432 2775 hoe
465 2719 565 2776 vitium
598 2719 767 2790 notandum,
794 2719 901 2778 levium

63 2818 94 2866 ‘25
112 2813 262 2872 hominum
278 2825 361 2890 atque
377 2816 532 2886 fallacium,
545 2815 580 2873 ad
595 2817 770 2874 voluntatem
783 2815 902 2888 loqueu-

106 2906 180 2968 tium
208 2911 317 2984 omnia,
341 2912 413 2970 nihil
442 2912 477 2968 ad
501 2913 657 2970 veritatem.
699 2911 774 2970 Cum
802 2921 900 2970 autem

93 3010 237 3074 omnium
253 3032 356 3076 rerum
375 3009 525 3075 simulatio
543 3006 810 3082 eatr'it'rosa,tmllit
820 3008 901 3069 euim
