1904 3750
87 256 156 316 nn]
379 255 421 303 na
442 253 588 303 osricus
884 246 924 307 ⁷5

86 403 122 463 In
136 405 296 481 primisque
310 405 467 481 provideat,
482 423 520 462 ne
533 422 629 463 sermo
642 403 743 461 vitium
761 402 877 478 aliquod

88 502 199 559 indicet
214 502 309 559 inesse
324 502 353 559 in
368 502 513 571 moribus;
535 502 612 577 qnod
626 502 749 559 maxime
760 511 821 558 tum
834 520 878 560 so·

87 598 126 655 let
137 599 264 668 evenire,
274 616 343 654 cum
355 597 482 655 studiose
493 598 530 654 de
541 599 716 670 absentibus,
726 598 877 655 detrahen·
928 622 936 633 ⁴

87 696 116 752 di
131 696 230 765 causi,
243 705 293 752 eut
306 712 358 769 per
368 694 533 767 ridiculum,
545 704 594 753 aut
604 713 712 767 severe,
723 694 874 767 maledics,

86 791 365 865 contumelioseque,
380 791 494 848 dicitur.
887 798 905 846 5

126 887 280 945 Habentur
303 898 400 944 autem
419 887 587 963 plerumque
607 907 755 945 sermones
773 897 821 944 aut
837 886 874 944 da

85 983 255 1042 domesticis
274 983 410 1059 negotiis,
425 993 474 1041 aut
490 984 526 1040 de
544 983 703 1058 republicd,
719 993 767 1040 aut
781 982 817 1040 de
832 1002 874 1041 ar·

84 1081 158 1139 tium
172 1079 276 1136 studiis
288 1090 374 1153 atque
384 1079 524 1137 doctrina.
566 1079 672 1136 Danda
685 1080 772 1156 igitur
785 1098 874 1155 opera

84 1187 137 1248 est,
153 1185 195 1247 ut,
210 1175 338 1233 etiamsi
353 1175 484 1232 aberrare
499 1177 534 1232 ad
550 1175 606 1233 alia
620 1176 747 1250 caeperit,
760 1175 794 1231 ad
810 1175 872 1232 brec

82 1283 236 1330 revocetur
245 1272 347 1329 oratio.
380 1272 448 1342 Sed,
458 1281 615 1346 utcumque
624 1271 755 1341 aderunt,
766 1269 872 1347 (neque
887 1278 918 1330 1⁰

82 1370 162 1428 enim
176 1387 279 1425 omnes
292 1368 395 1424 iisdem
409 1368 445 1424 de
459 1369 555 1438 rebus,
569 1386 625 1425 nec
639 1368 718 1425 omni
732 1377 870 1442 tempore,

81 1485 139 1524 nec
159 1465 305 1534 similiter,
319 1464 510 1543 delectamur)
526 1463 807 1522 animadvertendum
828 1472 872 1521 est

80 1562 182 1633 etiam,
194 1571 337 1636 quatenus
351 1579 445 1618 sermo
455 1561 676 1620 delectationem
691 1561 810 1618 habeat:
831 1569 870 1633 et,

81 1668 114 1716 ut
129 1657 289 1733 incipiendi
303 1657 377 1716 ratio
388 1656 483 1729 luerit,
495 1657 535 1715 ita
548 1656 585 1715 sit
595 1657 745 1716 desinendi
759 1657 870 1716 modus.

122 1849 301 1908 XXXVIII.
324 1850 393 1922 Sed,
408 1851 553 1926 quomodo
568 1851 597 1910 in
611 1853 690 1912 omni
700 1851 759 1910 vini
772 1850 871 1909 rectis·
886 1842 917 1892 ¹⁵

80 1948 155 2005 sime
176 1946 354 2022 precipitur,
372 1956 403 2005 ut
422 1949 652 2023 perturbationes
672 1949 826 2025 fugiamus,
840 1945 870 2004 id

82 2053 136 2114 est,
150 2051 248 2099 motus
271 2041 361 2098 animi
384 2043 498 2113 nimios,
520 2044 625 2101 rationi
646 2063 704 2100 non
726 2044 871 2116 obtempe

83 2149 197 2208 rantes3
213 2137 256 2194 sic
267 2128 410 2213 ejusmodi
421 2140 547 2196 motibus
558 2157 652 2195 sermo
664 2140 749 2195 debet
758 2154 869 2208 vacare,

82 2255 120 2294 ne
138 2245 188 2293 aut
202 2234 245 2291 ira
261 2234 395 2305 exsistat3
418 2246 466 2293 aut
486 2235 629 2311 cupiditas
643 2235 747 2309 aliqua,
764 2242 813 2290 aut
828 2231 869 2307 pi-

79 2334 179 2412 gritia,
205 2341 254 2390 ant
273 2332 397 2409 ignavia,
423 2344 472 2390 aut
495 2332 551 2390 tale
576 2331 694 2406 aliquid,
719 2338 869 2406 appareat:
884 2335 916 2387 w

82 2432 264 2508 maximeque
292 2432 452 2489 curandum
479 2440 532 2500 est,
557 2439 589 2485 ut
611 2447 671 2499 ecs,
698 2429 872 2502 quibuscum

79 2547 246 2586 sermonem
262 2527 448 2599 conferimus,
463 2536 492 2584 et
502 2525 593 2583 vereri
607 2534 636 2583 et
646 2525 767 2602 diligere
778 2524 872 2582 videa·

83 2644 157 2682 mur.
191 2623 418 2702 objurgationes
428 2623 515 2681 etiam
524 2640 730 2697 nonnunquam
739 2620 871 2680 incidunt

82 2721 266 2792 necessarie,
291 2720 322 2778 in
345 2720 449 2795 quibus
469 2720 608 2779 utendum
633 2728 677 2776 est
699 2717 819 2775 fortasse
842 2727 872 2776 et

85 2817 167 2875 vocis
180 2817 369 2875 contentione
382 2816 500 2892 majore,
514 2824 544 2872 et
564 2815 715 2872 verborum
733 2813 872 2890 gravitate
885 2808 918 2860 ὕ

86 2913 208 2972 acriore.
248 2912 284 2971 Id
304 2911 447 2991 agendum
465 2911 563 2984 etiem,
577 2920 609 2970 ut
626 2928 664 2970 ne
677 2929 713 2970 ea
725 2909 822 2969 lacere
833 2910 874 2968 ai·

76 3008 204 3068 duamur
214 3009 283 3070 r'rsti
291 3030 300 3070 .·
321 3009 385 3087 sed,
400 3020 435 3074 ut
449 3011 488 3074 ad
501 3011 653 3077 urendum
671 3022 705 3076 et
721 3007 905 3079 secundm
