1904 3750
56 233 151 294 nm]
343 236 385 282 nu
407 235 553 282 osricus.
836 224 892 282 169

56 383 135 440 venit
155 383 282 440 Canius:
304 385 420 460 opipare
436 385 569 460 aPythio
591 393 757 460 apparatum
777 402 847 442 con-

56 480 180 537 vivium:
203 482 369 556 cymbarum
392 492 457 539 ante
478 482 579 538 oculos
600 482 770 538 multitudo:
794 500 847 558 pro

56 578 238 650 aequisque,
259 577 335 651 quod
357 587 482 652 ceperat,
499 578 650 635 afferebat:
673 579 846 653 antepedes

56 671 153 747 Pythii
167 674 262 748 pisces
278 673 494 749 abjiciebantur.

96 768 175 825 Tum
203 769 322 841 Canius,
346 769 467 841 Quaeso,
489 768 590 844 inquit,
612 771 680 845 quid
708 780 752 828 est
778 771 876 842 hoc,5

57 863 161 940 Pythii
182 875 332 923 tantumne
345 866 480 942 piscium,
495 875 644 923 tantumne
659 868 846 942 cymbaruml

57 960 95 1017 Et
121 960 180 1032 ille,
200 960 283 1021 Quid
311 962 435 1019 miruml
463 961 564 1035 inquit.
605 961 674 1018 Hoc
700 962 765 1019 loco
792 972 845 1034 est,

58 1057 209 1132 Syracusis
233 1058 372 1132 quidquid
393 1068 436 1114 est
455 1057 596 1132 piscium:
623 1057 687 1115 haec
715 1059 845 1133 aquatio:

57 1152 111 1209 lrac
138 1153 206 1210 villa
234 1153 280 1210 isti
309 1173 408 1211 carere
435 1173 493 1210 non
520 1164 648 1229 possunt.
704 1153 847 1235 Incensus

57 1249 166 1306 Canius
194 1249 361 1324 cupiditate,
383 1251 533 1307 contendit
554 1269 571 1308 a
590 1234 758 1326 Pythiosut
781 1269 847 1306 ven·
862 1257 893 1305 10

56 1344 145 1402 deret
187 1345 311 1402 Gravate
327 1346 374 1402 ille
387 1347 488 1422 prime.
528 1346 611 1408 Quid
630 1346 739 1403 multat
761 1345 848 1422 impe-

56 1451 127 1498 trat:
162 1441 232 1499 emit
266 1442 352 1498 homo
386 1442 509 1517 cupidus
536 1455 565 1500 et
596 1443 735 1519 locuples,
762 1443 845 1515 tanti,

55 1538 153 1612 quanti
170 1537 291 1612 Pythius
305 1539 410 1608 voluit;
432 1548 461 1594 et
475 1539 545 1596 emit
560 1540 732 1599 instructos:
755 1539 847 1596 nomi·

57 1653 95 1690 na
120 1634 207 1691 facit:
242 1634 391 1710 negotium
418 1635 543 1692 conficit.
597 1636 704 1693 Invitat
737 1636 847 1695 Canius

56 1731 193 1804 postridie
221 1730 375 1787 familiares
402 1751 478 1788 suos.
519 1732 609 1790 Venit
636 1733 697 1810 ipse
724 1743 844 1791 mature.
863 1735 894 1784 15

58 1826 204 1883 Scalrnum
233 1827 343 1884 nullum
370 1829 455 1886 videt.
509 1828 622 1891 Quaerit
649 1850 685 1887 ex
715 1830 846 1906 proximo

58 1922 163 1993 vicino,
185 1941 255 1979 num
277 1923 353 1980 leriae
378 1925 507 1998 quaedam
534 1925 709 2000 piscatorum
738 1935 844 1996 essent,

56 2019 132 2092 quod
153 2037 204 2075 eos
224 2019 317 2076 nullos
337 2020 454 2077 videret.
496 2019 591 2077 Nullae
613 2019 704 2096 (quod
728 2022 845 2098 sciam),

58 2114 149 2189 inquit
170 2115 235 2171 ille:
257 2115 306 2171 sed
328 2116 376 2173 hic
396 2116 502 2192 piscari
522 2115 725 2172 nullisolent:
750 2116 847 2190 itaque

58 2211 118 2268 heri
139 2211 275 2282 mirabar,
294 2212 362 2286 quid
384 2213 546 2270 accidisset.
589 2211 771 2268 Stomachari
792 2211 848 2267 Ca·
863 2221 895 2269 20

57 2307 130 2365 nius.
174 2308 233 2364 Sed
254 2308 322 2383 quid
344 2309 471 2366 laceretl
498 2308 626 2365 nondum
648 2307 725 2364 enim
746 2307 848 2380 Aquil-

58 2403 121 2476 lius,
144 2404 258 2480 collega
285 2414 314 2461 et
341 2405 489 2462 familiaris
515 2423 606 2475 meus,
626 2404 783 2479 protulerat
810 2404 847 2460 do

57 2502 123 2560 dolo
144 2502 223 2559 malo
244 2502 396 2559 formulas:
418 2505 447 2559 in
469 2503 573 2577 quibus
594 2501 663 2576 ipsis
682 2520 747 2559 cum
762 2519 797 2557 ex
812 2518 848 2556 eo

58 2608 243 2673 quaereretur,
264 2597 346 2659 Quid
367 2609 443 2655 esset
463 2599 544 2656 dolus
565 2598 672 2667 malus3
695 2596 849 2672 responde·

58 2694 114 2768 bat,
136 2696 214 2753 Cum
235 2704 310 2751 esset
336 2694 412 2751 aliud
440 2695 613 2765 simulatum,
637 2694 713 2751 aliud
742 2702 846 2750 actum.
864 2699 895 2748 2⁵

57 2790 124 2850 Hoc
158 2791 276 2867 quidem
307 2809 376 2847 sane
409 2791 579 2862 luculenter,
608 2799 640 2846 ut
667 2791 703 2847 ab
730 2788 848 2846 homine

55 2891 148 2967 perito
173 2887 340 2945 definiendi.
392 2886 471 2965 Ergo
492 2896 521 2944 et
543 2886 680 2965 Pythius,
700 2896 733 2945 et
756 2900 869 2942 omnes

56 2988 132 3050 aliud
149 2994 277 3066 agentes,
294 2985 373 3045 aliud
395 2986 586 3064 simulantes,
596 2973 897 3068 pertidu'rmprddt,

284 3084 326 3143 15

916 1023 922 1050 l
