1904 3750
65 261 119 331 ,ΒΘ
364 275 453 325 cauo
468 276 585 336 umora,
604 277 668 325 suu

124 421 263 482 desidero.
304 424 417 483 Adsum
432 424 549 484 amicis:
570 425 654 485 venio
668 425 698 484 iu
712 435 843 484 senatum
858 425 913 484 fre·

123 538 224 595 quens,
238 520 369 596 ultroque
388 521 476 580 affero
495 540 542 580 res
555 522 677 581 multum
697 532 727 581 et
740 523 790 580 diu
804 523 913 600 cogita·

123 625 183 687 tas;
205 635 310 692 easque
329 627 412 677 tueor
433 619 531 691 animi,
552 637 611 676 non
632 619 772 696 corporis,
793 619 909 679 viribus.

121 712 198 773 Quae
219 713 244 770 si
264 713 382 790 exsequi
400 712 560 790 nequirem,
579 720 685 772 'tamen
712 733 759 772 me
785 714 911 773 lectulus

91 808 280 872 50blectaret
299 829 391 884 meus,
412 829 448 869 ea
467 811 530 887 ipsa
549 811 737 888 cogitantem,
759 831 823 887 quar
850 812 910 888 jam

123 923 208 981 agere
222 925 282 964 nou
294 925 424 983 possem:
439 908 500 980 sed,
509 918 541 967 ut
553 908 670 984 possim,
683 908 753 966 facit
767 919 833 967 acta
842 909 908 967 vita

122 1001 243 1078 Semper
264 1003 342 1062 enim
362 1004 393 1061 iu
414 1004 459 1062 his
472 1005 575 1063 studiis
583 986 790 1080 laboribusque
804 1005 909 1063 viventi

121 1117 179 1157 non
200 1100 378 1178 intelligitur,
399 1101 514 1178 quaudo
533 1102 653 1176 obrepat
672 1110 815 1159 senectus.
864 1100 910 1159 Ita

121 1196 230 1255 sensim
256 1197 320 1255 siue
347 1216 433 1256 sensu
460 1207 528 1256 aetas
555 1197 697 1255 senescit:
731 1216 789 1255 uec
815 1197 910 1256 subito

75 1293 106 1343 10
122 1292 279 1371 [mugitum
300 1294 352 1353 sed
366 1294 554 1354 diuturnitate
568 1293 768 1370 exstinguitur.

160 1487 231 1546 XII.
272 1487 408 1562 Sequitur
436 1487 522 1546 tertia
540 1487 711 1565 vituperatio
738 1487 908 1560 senectutis,

120 1583 197 1659 quod
217 1602 282 1641 eam
303 1600 402 1642 carere
422 1583 524 1642 dicunt
544 1584 745 1660 voluptatibus.
786 1583 816 1643 Ο
837 1603 909 1660 prte-

119 1679 229 1737 clarum
242 1697 346 1736 munus
360 1680 461 1751 atatis,
476 1680 500 1738 si
514 1680 630 1757 quidem
651 1681 681 1738 id
702 1681 795 1739 aufert
813 1681 907 1753 nobis,

1 1818 3 1840 ,
72 1783 103 1832 15
119 1775 195 1850 quod
216 1784 259 1832 est
280 1775 310 1832 in
331 1775 526 1834 adolescenti&
547 1777 778 1835 vitiosissimum!
819 1777 909 1835 Acci·

117 1872 178 1949 pite
198 1873 286 1944 euim,
307 1873 408 1948 optimi
430 1874 639 1945 adolescentes,
657 1883 783 1931 veterem
803 1874 908 1933 oratio·

117 1989 185 2028 uem
212 1971 349 2045 Archytae
376 1970 541 2042 Tarentini,
569 1971 667 2047 magni
694 1971 725 2028 in
751 1971 851 2047 primis
878 1981 907 2028 et

116 2067 248 2144 praeclari
268 2068 337 2137 viri;
359 2086 422 2142 quar
443 2067 513 2125 mihi
534 2067 639 2126 tradita
658 2077 710 2140 est,
726 2087 793 2125 cum
814 2087 906 2126 essem

118 2164 286 2222 adolescens
307 2164 429 2222 Tarenti
451 2184 517 2223 cum
537 2164 577 2226 Q.
599 2164 737 2222 Maximo.
786 2163 906 2222 Nullam

70 2277 102 2326 20
119 2261 316 2337 capitaliorem
336 2273 457 2337 pestem,
471 2281 556 2338 quam
577 2262 706 2336 corporis
720 2261 905 2337 voluptatem,

118 2358 283 2416 hominibus
298 2359 413 2416 dicebat
429 2378 445 2416 a
462 2358 565 2415 naturai
579 2358 691 2428 datam3
713 2359 795 2434 cujus
809 2358 907 2433 volup·

117 2454 185 2511 tatis
200 2454 289 2511 avidae
303 2454 439 2511 libidines
458 2463 567 2512 temere
582 2463 611 2510 et
632 2454 769 2511 effrenate
784 2454 820 2510 ad
833 2453 907 2528 poti·

118 2550 228 2609 undum
249 2551 447 2609 incitarentur.
497 2549 577 2607 Hinc
597 2549 696 2625 patriae
716 2550 905 2625 proditiones,

118 2646 187 2705 hinc
220 2646 497 2722 rerumpublicarum
531 2646 703 2718 eversiones,
736 2645 805 2703 hinc
839 2664 906 2704 cum

70 2744 104 2794 25
118 2743 249 2801 hostibus
276 2742 458 2801 claudestina
484 2742 629 2818 colloquia
661 2742 760 2800 nasci:
794 2742 906 2800 nullum

118 2839 244 2915 denique
263 2840 367 2912 scelus,
388 2840 500 2898 nullum
520 2839 628 2896 malum
649 2838 760 2896 facinus
781 2855 854 2908 esse,
871 2836 906 2895 ad

111 2935 190 3008 quod
209 2935 429 3014 suscipiendum
449 2955 507 2995 nou
527 2934 617 2993 libido
634 2933 787 3010 voluptatis
807 2933 907 3009 impel-

95 3029 176 3092 leret
182 3055 194 3108 ;
213 3045 322 3116 stupra
348 3057 430 3116 uero,
455 3047 486 3099 at
510 3032 665 3108 adulteria,
684 3041 717 3092 at
739 3048 827 3089 omne
848 3031 908 3089 tale
