1904 3750
333 273 378 328 na
395 276 602 328 sannorum.
870 267 909 326 41

75 441 125 486 sus
137 421 280 486 honorum
295 429 356 487 fuit.
398 429 496 504 Atque
507 429 568 505 ejus
583 437 711 484 extrema
724 436 792 483 aetas
806 425 864 505 hoo

76 525 196 597 beatior,
212 545 296 600 quam
311 526 416 598 media,
432 526 508 600 quod
531 524 710 582 auctoritatis
729 523 794 598 plus
815 523 864 579 ha·

75 621 171 693 bebat,
185 621 292 678 laboris
312 641 380 679 vero
394 621 498 679 minus.
540 621 625 696 Apex
647 629 741 677 autem
764 637 864 675 senee-

75 718 145 775 tutis
159 729 203 775 est
218 719 380 776 auotoritas.
412 711 543 779 'Quanta
564 717 662 773 funin
685 717 717 773 L.
741 715 863 773 Caeeilio

76 812 214 871 Metello!
244 824 352 889 quanta
373 814 508 871 inAtilio
532 813 684 871 Caiatino!
718 813 747 869 in
775 827 894 888 quem5

76 909 147 966 illud
174 910 301 986 elogium
329 910 464 967 unicum:
493 909 656 967 “Plurimae
678 908 863 965 consentiunt

75 1015 186 1081 gentes,
201 1006 301 1080 populi
315 1005 483 1080 primarium
499 1004 587 1062 fuisse
601 1003 722 1061 virum.’'
751 1003 863 1060 Notum

75 1110 119 1157 est
141 1120 268 1173 carmen,
294 1101 419 1158 incisum
443 1101 472 1158 in
495 1101 634 1176 sepulcro.
684 1099 755 1156 Jure
776 1100 862 1176 igitur

75 1198 179 1273 gravis,
205 1199 287 1274 cujus
309 1199 345 1254 de
372 1197 505 1254 laudibus
532 1197 661 1253 omnium
689 1206 765 1252 esset
787 1196 863 1253 fama

73 1292 267 1349 consentiens.
316 1293 415 1354 Quem
436 1292 527 1349 virum
548 1291 580 1348 P.
603 1291 750 1362 Crassum,
771 1309 863 1365 nuper
878 1295 909 1345 10

73 1389 240 1464 pontificem
254 1389 420 1460 maximum,
436 1407 520 1463 quem
534 1399 636 1463 postea
656 1385 697 1444 M.
720 1387 862 1462 Lepidum

74 1485 177 1541 eodem
192 1485 354 1541 sacerdotio
367 1485 528 1560 preditum,
545 1484 688 1541 vidimusI
728 1483 811 1544 Quid
826 1483 863 1540 de

74 1581 165 1638 Paulo
181 1592 229 1638 aut
243 1581 384 1638 Africano
398 1581 518 1657 loquarI
541 1590 599 1652 aut,
615 1591 646 1637 ut
657 1580 716 1656 jam
733 1590 809 1652 ante,
825 1580 862 1636 de

75 1675 224 1735 Maximoi
254 1696 375 1752 quorum
397 1696 455 1735 non
480 1678 511 1735 in
533 1678 677 1735 sententia
692 1676 794 1749 solum,
810 1677 862 1734 sed

74 1774 161 1831 etiam
183 1774 212 1830 in
233 1784 314 1845 nutu,
330 1775 474 1831 residebat
496 1775 659 1831 auotoritas.
703 1773 800 1831 Habet
820 1777 909 1830 se-15

73 1881 187 1941 neotus,
215 1870 355 1928 honorata
381 1871 550 1946 praesertim,
572 1881 680 1927 tantam
710 1871 863 1927 auetorita-

73 1976 142 2038 tem,
158 1977 188 2024 ut
202 1987 238 2024 ea
250 1968 340 2042 pluris
364 1968 410 2039 sit,
432 1987 517 2042 quam
538 1985 638 2023 onmes
660 1966 862 2026 adolescentie

73 2064 240 2139 voluptates.
904 2048 907 2053 .

112 2255 226 2313 XVIII.
270 2257 339 2328 Sed,
360 2257 389 2313 in
412 2257 491 2313 omni
515 2256 654 2325 oratione,
678 2263 861 2326 mementote,

73 2372 136 2409 eam
164 2371 210 2408 me
232 2352 349 2409 laudare
371 2363 561 2423 senectutem,
584 2372 646 2426 quae
668 2350 862 2408 fundamentis
876 2353 908 2403 20

74 2448 276 2506 adolescentiae
299 2449 453 2506 constituta
474 2449 529 2505 sit:
551 2468 587 2506 ex
608 2468 664 2523 quo
685 2448 713 2503 id
728 2447 861 2519 efficitur,

73 2543 164 2621 (quod
180 2563 235 2620 ego
256 2563 361 2620 magno
381 2546 524 2619 quondam
546 2564 611 2602 oum
634 2562 751 2602 assensu
772 2542 863 2599 omni·

71 2660 121 2698 um
136 2641 209 2720 dixi)
225 2641 360 2699 miseram
380 2660 443 2698 esse
457 2650 646 2712 senectutem,
662 2659 725 2716 quae
747 2657 778 2696 se
801 2657 863 2694 ora·

71 2737 151 2793 tione
166 2736 342 2794 defenderet
384 2736 453 2794 Non
469 2736 545 2807 oanI,
561 2755 619 2794 non
640 2754 728 2812 tagre,
743 2744 861 2809 repente

72 2833 274 2890 auctoritatem
290 2831 414 2907 arripere
428 2841 563 2908 possunt:
585 2832 635 2889 sed
657 2832 776 2889 honeste
798 2840 862 2888 aeta
875 2833 907 2884 25

71 2930 202 3004 superior
230 2939 299 2986 aetas
327 2929 438 2987 fructus
467 2929 545 3005 oepit
567 2928 747 2988 auctoritatis
769 2938 862 2986 extre·

71 3043 142 3084 mos,

265 3122 286 3181 4
294 3124 311 3159 t
