1904 3750
61 203 119 262 158
396 211 439 255 DE
461 210 606 256 OFFICIIS.
802 204 898 269 urm

106 359 216 416 scelere
237 358 452 416 contaminent:
480 357 510 414 in
535 356 597 433 ipsa
618 355 697 413 enim
719 354 899 414 dubitatione

106 455 221 513 lacinus
248 455 331 526 inest,
359 453 472 511 etiamsi
501 454 537 511 ad
564 453 593 510 id
620 471 678 511 non
703 454 898 529 pervenerint

106 551 186 628 Ergo
200 571 236 609 ea
248 550 434 608 deliberanda
451 550 571 607 omnino
586 568 644 607 non
659 559 736 622 sunt,
752 549 781 607 in
796 550 899 626 quibus

106 658 150 705 est
176 648 267 724 turpis
295 648 357 724 ipsa
383 646 562 704 deliberatio.
613 647 711 722 Atque
738 647 837 719 etiam,
864 665 900 705 ex

74 743 185 803 oomni
206 743 424 816 deliberatione,
445 742 560 801 celandi
586 751 615 799 et
641 743 811 800 occultandi
835 761 900 818 spes

107 840 262 916 opinioque
282 840 457 898 removenda
477 850 529 897 est.
571 838 648 896 Satis
668 838 745 895 enim
761 839 846 896 nobis
861 837 900 916 (si

107 938 195 995 modo
210 938 240 994 in
253 937 436 1015 philosophiis
457 936 563 1012 aliquid
581 936 771 1016 profecimus)
785 954 900 1012 persua-

94 1046 173 1092 ·sum
201 1055 264 1093 esse
292 1036 386 1106 debet,
416 1035 440 1092 si
467 1053 568 1092 omnes
602 1033 681 1090 Deos
711 1033 901 1108 hominesque

110 1133 206 1190 celare
222 1133 374 1209 possimus,
388 1131 460 1188 nihil
476 1141 571 1188 tamen
589 1147 682 1201 avare,
697 1128 770 1185 nihil
785 1129 900 1206 injuste,

63 1240 95 1289 10
111 1229 183 1287 nihil
204 1230 368 1300 libidinose,
383 1227 455 1284 nihil
478 1227 702 1298 incontinenter,
717 1245 781 1283 esse
794 1224 902 1282 sacien-

111 1325 189 1382 dum.

150 1515 204 1573 IX.
227 1516 307 1573 Hinc
322 1515 369 1572 ille
380 1515 478 1592 Gyges
492 1515 639 1573 inducitur
655 1515 820 1587 aPlatone3
841 1515 901 1591 qui,

111 1630 178 1667 cum
202 1622 279 1668 terra
305 1611 486 1668 discessisset
513 1612 626 1688 magnis
652 1612 824 1688 quibusdam
850 1612 902 1669 im-

111 1707 219 1778 bribus,
245 1708 274 1764 in
302 1707 383 1763 illum
410 1708 521 1764 hiatum
549 1708 709 1780 descendit,
735 1727 902 1784 aeneumque

65 1817 95 1867 15
111 1822 217 1878 equum
244 1804 289 1881 (ut
317 1803 413 1861 serunt
440 1804 557 1883 fabulae)
584 1805 795 1879 animadvertit,
821 1806 903 1883 cujus

112 1900 141 1958 in
155 1900 293 1958 lateribus
308 1900 383 1957 sores
397 1911 509 1970 esseut3
532 1901 635 1974 quibus
651 1903 765 1978 apertis,
778 1902 903 1959 hominis

112 1999 216 2056 mortui
238 1997 308 2055 vidit
328 2016 433 2073 corpus
459 1997 658 2073 magnitudine
687 1999 834 2070 inusitata,
857 2019 904 2056 an·

114 2097 270 2171 nulumque
292 2113 409 2152 aureum
431 2094 460 2151 in
481 2094 589 2170 digito:
611 2114 696 2170 quern
718 2106 749 2153 ut
767 2097 903 2168 detraxit,

115 2194 176 2269 ipse
197 2193 306 2250 induit:
329 2190 404 2269 (erat
425 2201 518 2248 autem
540 2191 637 2266 regius
657 2193 768 2270 pastor)
791 2205 853 2250 tum
874 2193 904 2250 iu

66 2308 99 2356 20
116 2292 272 2349 concilium
292 2299 438 2364 pastorum
452 2305 482 2344 se
496 2285 614 2361 recepit.
656 2287 711 2359 Ibi,
727 2307 793 2344 cum
809 2290 903 2365 palam

115 2388 177 2464 ejus
193 2385 289 2444 annuli
305 2384 339 2442 ad
352 2384 474 2460 palmam
497 2391 686 2452 converterat,
703 2383 813 2440 anullo
828 2385 906 2442 vide·

116 2485 215 2554 batur;
237 2483 296 2559 ipse
318 2491 413 2538 autem
433 2479 532 2536 omnia
550 2478 681 2535 videbat:
708 2478 784 2534 idem
805 2498 906 2538 rursus

116 2580 274 2649 videbatur,
300 2595 365 2634 curn
394 2577 423 2633 in
449 2575 547 2632 locum
575 2574 712 2631 annulum
740 2571 904 2634 inverterat.

49 2663 53 2672 ¹
116 2674 226 2751 Itaque,
248 2675 303 2731 hac
328 2672 541 2748 opportunitate
569 2669 666 2728 annuli
694 2687 771 2735 usus,
796 2669 906 2745 reginae

69 2778 101 2828 25
116 2779 246 2844 stuprum
269 2768 379 2840 intulit;
408 2769 500 2843 eique
526 2767 663 2845 adjutrice
690 2782 787 2840 regern
815 2765 907 2824 domi-

106 2881 180 2921 num
206 2865 372 2939 interemit;
399 2865 580 2943 sustulitque,
601 2883 673 2942 quos
694 2863 808 2920 obstare
834 2865 907 2921 arbi-

95 2960 254 3024 trabatur:
279 2985 338 3028 nec
360 2965 459 3028 inhia
479 2984 547 3026 eum
565 2962 712 3043 quisquam
729 2959 908 3022 facinoribus
