1904 3750
67 234 94 281 a
105 234 136 294 1·l
377 233 421 281 na
440 233 586 282 oramus.
872 222 912 287 18

72 369 258 459 declinetque
277 403 322 457 ca,
336 392 401 460 quae
421 384 556 442 nocitura
568 385 729 458 videantur,
745 401 864 460 quaque

72 482 106 538 ad
126 481 284 539 vivendum
301 483 361 538 sint
380 482 553 552 necessaria,
574 482 706 557 anquirat
725 493 754 539 et
774 492 863 558 paret,

71 589 100 636 ut
118 589 244 653 pmum,
259 588 291 634 ut
312 578 442 649 latibula,
457 588 489 634 ut
512 578 567 636 alia
588 579 715 654 ejusdem
741 579 871 656 generis:

72 674 234 731 Commune
246 674 315 731 item
332 674 520 731 animantium
532 675 660 732 omnium
672 687 715 733 est
726 679 864 751 conjunc·

72 770 155 828 tionis
178 771 331 847 appetitus,
347 771 516 846 procreandi
537 772 633 838 causa,
649 783 679 831 et
699 791 769 830 cura
789 778 895 848 qua-5

71 867 136 925 dam
151 885 252 924 cotum
271 886 334 942 qum
355 877 505 942 procreata
518 878 593 924 sunt.
635 869 705 939 Sed,
720 869 793 926 inter
816 871 864 927 ho-

71 963 177 1021 minem
204 972 233 1020 et
253 963 390 1034 belluam,
413 963 467 1021 hoc
493 964 615 1020 maxime
637 964 764 1034 interest,
788 965 863 1041 quod

70 1059 133 1116 haec
152 1069 277 1131 tantum,
292 1069 431 1132 quantum
451 1078 538 1117 sensu
557 1070 696 1130 movetur,
713 1060 748 1116 ad
769 1061 798 1117 id
819 1080 864 1118 so·

69 1154 138 1226 lum,
155 1155 233 1230 quod
248 1155 341 1219 adest,
354 1156 485 1231 quodque
499 1174 625 1231 praesens
639 1165 693 1226 est,
705 1174 735 1212 se
750 1175 863 1213 accom-

69 1252 179 1323 modat,
194 1252 344 1327 paululum
359 1253 513 1309 admodum
528 1253 656 1310 sentiens
675 1253 861 1326 praeteritum,
878 1263 909 1312 m

71 1358 120 1406 aut
140 1349 279 1406 futurum.
322 1348 420 1407 Homo
449 1359 544 1406 autem
567 1349 658 1426 (quod
679 1348 799 1406 rationis
819 1359 863 1407 est

68 1446 226 1521 particeps,
243 1465 392 1520 perquam
414 1446 620 1521 consequentia
641 1445 744 1518 ceruit,
760 1464 864 1505 causas

70 1561 166 1601 rerum
195 1542 290 1611 videt3
326 1561 482 1616 earumque
511 1561 689 1618 progressus,
716 1552 746 1600 et
780 1542 863 1617 quasi

71 1638 298 1708 antecessiones,
319 1656 378 1694 non
399 1637 531 1714 ignorat;
561 1638 764 1696 similitudines
784 1657 863 1697 com·

68 1746 160 1809 parat,
181 1743 212 1792 et
231 1735 320 1791 rebus
346 1735 536 1808 presentibus
557 1735 686 1812 adjungit
707 1745 792 1810 atque
814 1754 862 1792 an·
877 1749 908 1799 15

70 1831 161 1887 nectit
182 1831 308 1908 futuras)
331 1829 415 1888 facile
441 1831 530 1888 totius
550 1831 614 1888 vitae
635 1849 752 1889 cursum
772 1832 860 1904 videt,

72 1927 104 1984 ad
125 1945 251 2000 eamque
266 1926 426 2002 degendam
447 1938 588 2002 praeparat
607 1946 653 1984 res
673 1929 860 1986 necessarias.

70 2021 241 2097 Eademque
262 2032 367 2080 natura
380 2022 407 2080 vi
421 2023 541 2081 rationis
555 2025 702 2082 hominem
722 2024 862 2082 conciliat

71 2119 192 2190 homini,
214 2129 245 2175 ct
266 2119 304 2176 ad
324 2119 462 2178 orationis
481 2131 511 2177 et
533 2121 568 2178 ad
589 2120 653 2177 vitae
674 2122 860 2177 societatem:

71 2215 280 2294 ingeneratque
316 2215 345 2273 in
375 2217 476 2292 primis
506 2216 684 2292 praecipuum
716 2216 860 2290 quendam
874 2221 906 2271 2⁰

71 2330 196 2370 amorem
216 2312 314 2371 ineos
334 2313 382 2387 qui
402 2313 547 2389 procreati
567 2323 635 2369 sunt
642 2333 650 2382 ;
672 2312 859 2387 impellitque,

71 2419 101 2466 ut
121 2409 274 2466 hominum
296 2420 388 2467 coetus
410 2420 440 2468 et
461 2408 670 2467 celebrationes
691 2428 764 2480 esse,
788 2418 818 2465 et
842 2426 860 2467 a

70 2524 100 2563 se
113 2506 200 2576 obiri,
214 2505 301 2575 velit,
322 2506 360 2563 ob
380 2525 487 2581 easque
508 2523 608 2581 causas
629 2505 741 2563 studeat
758 2521 860 2580 parare

69 2619 113 2673 ea,
134 2621 199 2676 quae
221 2601 405 2676 suppeditent
417 2612 447 2659 et
462 2602 498 2659 ad
512 2602 623 2660 cultum
636 2611 666 2659 et
685 2603 720 2661 ad
734 2601 858 2672 victum3

69 2716 125 2757 nec
151 2698 209 2755 sibi
237 2698 301 2769 soli,
323 2698 374 2755 sed
401 2699 528 2775 conjugi,
550 2697 658 2769 liberis,
678 2698 858 2772 caterisque,
872 2701 906 2753 at

68 2813 140 2869 quos
160 2812 245 2851 caros
266 2793 380 2865 habeat,
394 2794 526 2868 tuerique
545 2794 656 2851 debeat.
696 2794 773 2856 Quae
787 2810 860 2852 cura

68 2892 229 2950 exsuscitat
249 2891 336 2983 etiam
358 2891 479 2964 animos,
492 2901 523 2950 et
542 2890 665 2966 majores
686 2891 721 2950 ad
736 2909 797 2951 rem
810 2907 860 2971 gc·

67 2987 186 3047 rendam
197 2987 277 3046 facit

249 3082 273 3139 2
