1904 3750
62 608 108 669 ‚22
383 619 426 666 mr
448 618 593 667 osricus.
799 619 839 680 [u.
848 618 882 666 rr.

97 767 213 825 functus
232 777 292 824 est:
319 766 425 825 deinde
444 767 479 825 G.
501 766 651 840 Claudius,
673 765 762 843 Appii
787 765 883 826 lilius:

96 864 180 922 multi
198 875 272 940 post,
294 864 419 937 Luculli,
441 863 626 936 Hortensius,
648 864 772 922 Silanus.
813 863 885 921 Om-

96 979 148 1018 nes
169 972 263 1017 autem
283 961 315 1017 P.
331 959 481 1030 Lentulus,
502 978 548 1017 me
569 960 697 1031 consule,
713 959 782 1016 vicit
802 979 887 1037 supe-

96 1056 195 1114 riores.
244 1055 333 1113 Hunc
360 1067 404 1113 est
431 1056 558 1114 Scaurus
586 1056 721 1113 imitatus.
770 1054 886 1133 Magni·

64 1158 81 1206 ὅ
96 1152 281 1210 licentissima
292 1172 358 1210 vero
372 1153 462 1210 nostri
476 1152 607 1228 Pompeii
621 1171 742 1210 munera
755 1154 887 1210 secundo

96 1248 265 1306 consulatu:
287 1249 316 1306 in
328 1249 431 1324 quibus
441 1247 585 1320 omnibus,
595 1248 664 1324 quid
679 1248 751 1305 mihi
760 1249 889 1323 placent,

96 1345 184 1403 vides.

137 1538 237 1596 XVII.
266 1539 393 1596 Vitanda
415 1549 510 1595 tamen
533 1547 577 1595 est
600 1537 727 1614 suspicio
751 1537 884 1596 avaritia.

98 1635 258 1707 Mamerco,
273 1635 383 1692 homini
404 1635 555 1705 ditissimo,
576 1635 779 1710 praetermissio
798 1634 887 1691 adili·

7 1769 14 1789 .
52 1752 83 1800 10
99 1733 166 1790 tatis
186 1731 351 1790 consulatus
372 1731 515 1806 repulsam
537 1731 639 1788 attulit.
679 1729 781 1792 Quare
801 1741 839 1801 et,
860 1730 886 1787 si

98 1828 257 1904 postulatur
279 1847 295 1884 a
313 1828 430 1902 populo,
454 1827 537 1883 bonis
557 1827 625 1883 viris
645 1827 669 1884 si
689 1846 748 1883 non
775 1827 887 1883 deside·

99 1924 238 1993 rantibus,
255 1933 379 1979 attamen
402 1923 633 1997 approbantibus,
649 1923 812 1980 faciendum
832 1932 886 1991 est,

99 2019 185 2076 modo
205 2038 256 2094 pro
277 2019 477 2089 facultatibus;
499 2038 553 2075 nos
574 2019 628 2094 ipsi
643 2032 673 2076 ut
688 2018 825 2077 fecimus:
847 2029 886 2087 et,

99 2115 239 2188 siquando
261 2115 356 2189 aliqua
375 2134 421 2171 res
441 2116 531 2191 major
546 2126 630 2190 atque
645 2116 741 2172 utilior
755 2115 887 2191 populari

53 2217 83 2267 15
99 2211 250 2287 largitione
265 2211 438 2286 acquiritur;
460 2222 491 2268 ut
505 2211 602 2268 Oresti
616 2230 707 2287 nuper
722 2213 844 2286 prandia
857 2212 887 2268 in

99 2305 218 2375 semitiS,
234 2305 363 2362 decumae
383 2306 510 2376 nomine,
526 2325 631 2382 magno
645 2305 747 2361 honori
762 2306 886 2363 suerunt.

99 2401 147 2458 Ne
168 2400 208 2458 M.
231 2401 348 2475 quidem
369 2402 438 2459 Seio
459 2402 529 2459 vitio
550 2402 647 2458 datum
672 2411 725 2472 est,
747 2402 835 2476 quod,
857 2401 888 2458 in

67 2535 72 2548 ι
103 2495 251 2577 [annonae]
278 2498 408 2569 caritate,
434 2518 495 2555 asse
519 2498 648 2555 modium
672 2499 775 2573 populo
800 2498 887 2555 dedit.

101 2593 210 2670 Magni
232 2594 309 2651 enim
331 2613 361 2651 se
383 2605 412 2651 et
434 2595 590 2651 inveterata
610 2593 727 2664 invidiis,
742 2613 797 2651 nec
811 2594 888 2669 turpi

53 2703 85 2752 20
98 2690 211 2766 jactura
227 2689 356 2766 (quando
378 2700 439 2747 erat
462 2690 577 2769 aedilis),
591 2708 648 2746 nec
670 2690 804 2760 maximia,
819 2689 889 2746 libe-

101 2786 181 2843 ravit.
224 2788 281 2843 Sed
303 2786 406 2842 honori
427 2805 539 2843 summo
559 2805 649 2861 nuper
670 2796 768 2843 nostro
784 2784 888 2842 Miloni

102 2881 164 2952 fuit,
179 2882 255 2956 quod
270 2881 475 2957 gladiatoribus
489 2883 592 2956 emptis
609 2882 775 2957 reipublicae
789 2880 888 2950 causi,

101 2997 164 3051 quae
178 2978 269 3034 salute
284 2977 382 3033 nostrai
404 2978 615 3047 continebatur,
631 2995 731 3034 omues
745 2977 777 3034 P.
793 2975 889 3034 Clodii

102 3083 223 3130 conatus
250 3072 417 3146 furoresque
446 3073 623 3148 compressit.
678 3073 776 3130 Causa
802 3073 889 3150 igitur

54 3177 86 3226 25
101 3167 262 3245 largitionis
276 3178 328 3240 est,
343 3168 368 3224 si
383 3179 431 3225 aut
445 3188 564 3226 necesse
579 3180 631 3240 est,
647 3180 695 3226 aut
711 3169 788 3227 utile.

135 3263 171 3319 In
186 3263 234 3321 lris
248 3275 343 3322 autem
358 3263 435 3340 ipsis,
447 3265 654 3323 mediocritatis
668 3265 770 3341 regula
782 3265 884 3342 optima

81 3364 137 3412 est.
186 3359 219 3419 1..
242 3361 366 3438 quidem
387 3361 551 3441 Philippus,
561 3361 603 3430 Q..
616 3360 703 3434 iilius,
720 3380 827 3440 magno
847 3359 880 3421 vn
