1904 3750
37 714 48 733 =
80 694 121 754 96
415 702 460 752 nn
478 698 623 752 omens.
829 686 911 761 [nn.

128 850 384 931 administratione,
405 863 562 911 uteremur.
602 850 708 926 Neque
733 850 811 908 enim
837 849 914 908 vaie-

126 948 236 1008 tudinis
255 950 377 1023 curatio,
391 966 484 1024 neque
504 948 660 1026 navigatio,
675 964 769 1022 neque
790 945 916 1024 agricul-

126 1056 200 1119 tura,
227 1064 322 1122 neque
355 1046 468 1123 frugum
500 1044 705 1120 fructuumque
737 1043 915 1119 reliquorum

126 1143 274 1220 perceptio
294 1154 324 1200 et
344 1142 536 1213 conservatio,
556 1141 619 1199 sine
639 1140 789 1199 hominurn
814 1140 916 1216 operi,

21 1255 25 1267 ·
96 1241 185 1299 dulia
199 1259 261 1297 esse
275 1239 422 1316 potuisset.

167 1335 233 1393 Jarn
252 1354 321 1394 vero
341 1346 370 1393 et
390 1352 488 1393 earum
508 1352 614 1406 rerum,
631 1334 735 1409 quibus
758 1334 910 1394 abundato

127 1450 201 1505 mus,
229 1433 397 1510 exportatio,
425 1441 455 1489 et
481 1450 590 1504 earum,
619 1431 723 1506 quibus
753 1450 904 1509 egeremus

128 1530 264 1604 invectio,
284 1539 364 1587 certe
384 1528 463 1587 nulla
486 1538 570 1600 esset,
592 1527 647 1586 nisi
675 1527 720 1585 his
747 1530 905 1587 muneribus

128 1627 260 1684 homines
287 1627 483 1704 fungerentur.
525 1625 693 1700 Eidemque
715 1625 838 1697 ratione,
859 1645 902 1683 ne«

83 1733 114 1782 10
128 1723 237 1799 lapides
261 1742 277 1780 e
299 1723 375 1780 terra
399 1721 600 1778 exciderentur
623 1720 659 1778 ad
681 1740 764 1779 usum
785 1731 899 1779 nostrus

128 1818 301 1889 necessarii;

160 1981 175 2007 “
185 1976 239 2025 Nec
254 1976 356 2038 ferrum,
367 1991 410 2036 tes,
421 1990 518 2037 eurum,
530 1981 672 2039 argentum,
682 1975 832 2024 effoderetur
847 1991 891 2039 pen

222 2064 263 2105 tus
274 2056 410 2119 abditum,”

130 2209 193 2267 sine
208 2209 356 2267 hominum
370 2209 468 2267 labore
483 2218 512 2266 et
526 2228 621 2267 manu.

169 2401 220 2463 IV.
243 2401 338 2459 Tecta
351 2421 428 2474 vero,
443 2402 547 2477 quibus
567 2411 596 2459 et
617 2401 756 2479 frigorum
769 2400 812 2457 vis
830 2401 879 2476 pei

85 2488 218 2570 ldtetur,
233 2509 262 2555 et
276 2499 405 2556 calorum
426 2499 563 2556 molestiae
583 2499 761 2570 sedarentur,
776 2498 854 2555 unde
870 2518 875 2554 s

131 2593 215 2652 initio
235 2594 334 2671 generi
355 2595 481 2650 humano
496 2594 556 2651 dari
570 2594 740 2670 potuissent,
756 2603 804 2650 aut
817 2612 870 2669 pos

131 2691 287 2761 subveniri,
302 2691 326 2748 si
342 2700 390 2749 aut
403 2691 430 2747 vi
451 2691 637 2766 tempestatis,
653 2703 702 2749 aut
722 2700 804 2747 terrae
826 2709 869 2746 mc

133 2798 181 2845 aut
201 2798 342 2845 vetustate
363 2787 546 2859 cecidissent,
560 2787 616 2844 nisi
631 2787 794 2843 communis
808 2787 866 2844 vita

132 2885 296 2941 hominibus
323 2885 425 2941 harum
451 2903 545 2941 rerum
576 2882 682 2940 auxilia
714 2893 813 2957 petere
847 2883 864 2939 d

85 2981 239 3046 socisseti
293 2980 377 3039 Adde
411 2981 514 3037 ductus
549 2998 695 3055 aquarum,
728 2979 861 3036 derivatio

133 3078 292 3149 fluminum,
308 3095 441 3154 agrorum
462 3077 654 3153 irrigationes,
669 3076 757 3133 moles
774 3096 858 3152 oppos

133 3174 278 3246 fluctibus,
298 3182 398 3249 portus
419 3192 504 3229 manu
526 3173 632 3243 sact0s3
662 3193 725 3248 quae
748 3174 835 3244 unde,

133 3268 282 3326 hominurn
303 3269 401 3345 operti,
423 3268 528 3326 habere
547 3271 718 3345 possemus?
745 3288 781 3326 ex
804 3270 851 3346 qui

123 3366 285 3442 multisque
320 3365 392 3434 odiis,
420 3366 602 3443 perspicuum
634 3376 687 3434 est,
715 3366 764 3442 qui
798 3367 849 3425 frui

59 3467 96 3514 25
113 3477 248 3536 quaeque
278 3465 437 3540 utilitates,
464 3484 504 3525 ex
526 3465 615 3524 teitus
635 3463 676 3523 'its
699 3483 762 3540 nun
785 3474 847 3523 sunt
