1904 3750
85 199 141 258 166
416 211 458 256 nn
481 211 626 256 osricus.
818 208 912 271 nsua

128 357 232 431 celare,
255 359 331 417 aliud
357 370 470 419 tacere:
498 380 592 436 neque
613 379 668 438 ego
688 379 767 419 nunc
786 371 816 419 te
837 361 911 433 celo,

127 453 152 510 si
172 455 224 512 tibi
244 474 303 512 non
324 456 401 527 dico,
416 477 479 532 quae
495 467 597 516 natura
610 459 737 516 Deorum
752 457 798 530 sit,
812 458 861 533 qui
875 458 913 514 sit

127 549 193 607 finis
207 551 363 622 bonorum3
385 571 448 627 quae
462 554 515 611 tibi
528 555 591 630 plus
604 555 773 631 prodessent
786 553 912 630 cognita,

128 663 213 719 quam
227 647 315 705 tritici
329 648 439 707 vilitas:
460 650 509 707 sed
531 668 599 722 non,
614 650 754 725 quidquid
767 650 821 707 tibi
835 649 914 707 audi-

98 748 159 799 ὅτε
173 742 243 800 utile
261 753 314 815 est,
329 744 358 800 id
378 745 450 802 mihi
470 745 567 803 dicere
585 764 705 803 necesse
725 756 777 804 est.
819 745 914 804 Immo

127 858 195 896 vero
216 839 340 918 (inquiet
360 841 422 921 ille)
443 861 562 900 necesse
579 851 633 914 est,
648 842 672 898 si
686 842 801 918 quidem
815 842 914 899 memi-

127 933 207 1006 nisti,
235 954 298 993 esse
325 936 399 994 inter
428 937 559 995 homines
590 938 694 994 naturis
728 937 914 1013 conjunctam

128 1032 306 1090 societatem.
349 1032 480 1105 Memini,
496 1032 605 1108 inquiet
625 1032 693 1090 ille:
712 1034 845 1091 aeduum
859 1033 914 1090 ista

129 1128 251 1186 societas
277 1129 342 1186 talis
368 1138 421 1200 est,
442 1138 474 1186 ut
493 1129 564 1186 nihil
588 1148 671 1186 suum
695 1128 833 1204 cujusque
856 1128 913 1185 sitt

83 1232 115 1282 to
129 1225 204 1301 quod
218 1224 242 1281 si
257 1224 297 1281 ita
310 1234 362 1296 est,
377 1242 414 1280 ne
430 1224 608 1283 vendendum
629 1224 744 1301 quidem
758 1221 913 1300 quidquam

129 1331 182 1393 est,
197 1321 247 1378 sed
261 1319 435 1376 donandum.

110 1498 138 1560 s*
168 1510 254 1569 XIII.
276 1512 375 1584 Vides,
397 1509 426 1568 in
447 1513 502 1570 hac
527 1514 589 1571 totd
616 1513 833 1590 disceptatione,
853 1531 913 1571 uon

130 1608 201 1665 illud
221 1606 289 1679 dici,
309 1607 451 1669 Quamvis
474 1609 531 1666 hoc
550 1620 633 1685 turpe
652 1610 698 1682 sit,
720 1620 825 1681 tamen,
845 1627 914 1684 quo·

129 1703 207 1760 niam
228 1704 352 1780 expedit,
367 1704 488 1774 saciam3
509 1705 560 1762 sed
573 1706 614 1763 ita
627 1707 770 1782 expedire,
786 1715 817 1763 ut
831 1715 913 1781 turpe

86 1815 116 1864 15
130 1818 189 1857 non
203 1799 257 1856 sit:
278 1818 315 1856 ex
329 1799 418 1857 alteris
433 1810 529 1857 autem
542 1811 632 1877 parte,
648 1802 682 1858 ed
696 1820 737 1873 re,
752 1801 819 1876 quia
831 1810 914 1876 turpe

130 1895 176 1967 sit,
197 1914 255 1952 non
277 1914 339 1952 esse
361 1895 533 1955 faciendum.
573 1897 688 1955 Vendat
708 1898 784 1954 aedes
803 1897 845 1954 vir
866 1899 914 1954 bo-

130 2011 184 2049 nus
204 2002 318 2067 propter
340 1992 435 2066 aliqua
454 1993 531 2064 vitia,
552 2011 615 2068 quae
635 1993 696 2069 ipse
716 1992 802 2065 ndrit,
817 1992 914 2051 caeteri

130 2088 281 2165 ignorent:
314 2089 481 2165 pestilentes
507 2089 574 2161 sint,
601 2102 630 2147 et
656 2089 814 2146 habeantur
842 2090 915 2146 salu·

131 2185 212 2241 bres:
235 2185 391 2261 ignoretur,
413 2185 444 2242 in
463 2185 596 2242 omnibus
617 2185 758 2243 cubiculis
780 2203 915 2261 apparere

86 2288 118 2339 20
132 2290 292 2355 serpentes;
321 2281 395 2338 male
421 2282 587 2353 materiata,
608 2281 747 2339 ruinosas:
775 2281 827 2338 sed
848 2281 914 2352 hoc,

131 2387 233 2452 praeter
254 2377 411 2447 dominum,
432 2395 518 2434 neruo
539 2377 618 2435 sciat.
671 2376 792 2447 Quaero,
814 2377 838 2433 si
859 2377 916 2433 boc

131 2472 307 2547 emptoribus
326 2472 456 2528 venditor
484 2492 542 2530 non
563 2472 675 2543 dixerit,
696 2472 829 2545 aedesque
849 2491 917 2529 ven·

132 2567 237 2624 diderit
256 2567 344 2644 pluris
364 2569 465 2639 multo,
479 2588 563 2644 quarn
583 2588 615 2625 se
634 2567 817 2626 venditurum
833 2568 917 2642 puti-

132 2663 178 2734 rit‚
194 2682 263 2720 num
277 2663 306 2720 id
320 2663 424 2739 injuste
439 2683 475 2721 an
490 2665 618 2740 improbe
632 2663 752 2721 seceritt

87 2766 119 2815 25
172 2758 226 2815 Ille
247 2777 323 2830 vero,
345 2759 437 2834 inquit
457 2760 617 2837 Antipater.
669 2758 753 2820 Quid
773 2759 851 2816 enirn
873 2770 918 2818 est

127 2852 219 2927 aliud,
234 2854 342 2913 erranti
356 2855 431 2913 viam
445 2874 502 2913 non
517 2866 672 2914 monstrare
687 2854 778 2932 (quod
791 2855 918 2914 Athenis

118 2952 381 3016 exsecrationibus
405 2952 533 3034 publicis
557 2951 699 3012 sancitum
718 2951 833 3032 ast],si
859 2952 917 3012 boc
