1904 3750
82 601 124 663 tt
394 608 438 656 nu
457 608 604 657 eunoun
838 607 879 671 [n

125 760 211 836 hique
235 758 408 816 arbitrantur
432 776 464 816 se
488 758 634 816 Muttines
657 757 688 816 in
711 775 778 816 suoa
802 755 877 814 amic

124 857 215 913 vienna
235 855 280 928 iri,
294 855 318 912 ei
338 855 515 930 locupletent
528 873 577 913 eoo
590 855 771 930 quicumque
791 852 877 911 ration

124 951 158 1008 Id
183 962 278 1009 autern
302 960 414 1009 tantum
438 951 519 1008 abeat
539 951 644 1023 officio,
668 960 701 1008 ut
724 949 796 1008 nihil
819 967 877 1025 mag

124 1048 221 1105 officio
245 1047 336 1124 possit
362 1065 426 1104 esse
452 1047 637 1106 eontrarium.
678 1046 846 1104 Videndum
867 1063 876 1101 ε

94 1154 110 1202 5
124 1145 220 1221 igitur,
235 1155 267 1202 ut
280 1144 316 1201 eri
329 1144 500 1202 liberalitate
520 1153 644 1215 utamur,
658 1162 721 1218 que
734 1143 826 1219 prosit
841 1161 875 1200 au

123 1241 175 1312 aia,
190 1249 296 1298 noceat
317 1241 435 1298 nemini.
475 1239 578 1302 Quare
592 1239 625 1297 L.
641 1239 740 1311 Sullae,
753 1249 783 1296 et
797 1239 831 1296 C.
848 1238 872 1295 C

121 1337 203 1408 saria,
218 1338 405 1414 pecuniarum
426 1335 574 1395 translatio
595 1356 613 1394 a
629 1335 714 1413 justis
734 1335 875 1393 dominia:

122 1433 232 1491 alienon
245 1452 303 1492 non
316 1433 540 1490 debetliberalia
549 1433 649 1490 videri.
683 1431 766 1491 Nihil
777 1442 821 1490 est
831 1431 874 1489 eni

121 1528 249 1602 liberale,
264 1530 340 1607 quod
355 1549 414 1587 non
428 1530 504 1587 idern
516 1529 634 1606 justum.

77 1639 108 1688 lt
161 1628 244 1685 Alter
258 1637 319 1685 erat
332 1627 414 1684 loeus
428 1625 581 1696 cautionis,
591 1645 628 1683 ne
639 1625 803 1702 benignitas
816 1623 872 1700 maj

121 1734 206 1794 esset,
229 1742 313 1798 quarn
342 1722 508 1779 facultates:
538 1721 624 1796 quod,
647 1721 696 1795 qui
724 1720 873 1797 benignior

120 1819 218 1875 volunt
232 1837 294 1875 esse
311 1836 396 1892 quam
416 1835 462 1873 ren
481 1817 597 1892 patitur,
611 1817 734 1892 primum
748 1817 828 1874 ineo
842 1833 873 1892 pe

120 1923 197 1984 eant,
222 1914 297 1988 quod
325 1913 455 1988 injuriosi
479 1922 546 1969 surrt
573 1913 603 1970 in
630 1913 781 1988 proximos.
822 1911 873 1974 Qu

119 2009 197 2065 enirn
212 2010 309 2084 copias
329 2009 374 2066 his
395 2019 423 2066 et
443 2009 619 2085 suppeditari
640 2009 750 2083 aequius
764 2017 808 2065 est
821 2018 873 2065 etr

75 2124 106 2173 15
119 2105 219 2181 linqui,
234 2125 283 2164 eae
304 2107 480 2163 transferunt
502 2107 537 2163 ad
558 2106 674 2164 alienos.
715 2105 795 2162 Inest
810 2116 872 2163 aute

118 2201 148 2258 in
170 2203 220 2258 tali
234 2202 406 2260 liberalitate
427 2202 755 2278 cupiditaoplerumque
776 2202 872 2278 rapien

117 2307 146 2355 et
162 2298 310 2355 auferendi
329 2318 379 2375 per
395 2299 537 2374 injuriam,
552 2308 584 2355 ut
598 2298 633 2354 ad
648 2298 827 2375 largiendum
842 2319 873 2356 su

117 2404 216 2469 petant
227 2395 326 2470 oopiae.
361 2395 468 2452 Videre
482 2395 569 2452 etiarn
583 2395 652 2453 licet
665 2395 815 2470 plerosque
831 2394 871 2472 (nt

117 2498 175 2547 tarn
195 2491 298 2548 natura
311 2491 454 2562 liberales,
470 2511 555 2566 quarn
577 2492 701 2567 quadam
723 2491 814 2568 gloria
836 2493 871 2549 du

72 2588 186 2666 notos),
208 2597 240 2645 ut
266 2588 388 2645 benefici
409 2588 568 2658 videantur,
591 2588 687 2645 saoere
713 2587 812 2658 multa,
840 2606 871 2661 qr

115 2684 260 2759 proficisci
276 2686 312 2741 ab
322 2685 513 2742 ostentatione
527 2683 619 2760 magis
630 2701 714 2756 quarn
730 2682 870 2740 avolunta

116 2779 274 2837 videantur.
316 2781 399 2837 Talis
428 2790 522 2837 autem
551 2778 696 2836 simulatio
718 2778 835 2835 vanitati
859 2798 870 2836 ε

117 2878 310 2954 conjunctior,
326 2896 409 2951 quarn
426 2888 473 2934 aut
494 2875 660 2932 liberalitati
679 2885 728 2931 aut
749 2875 869 2933 honesta

154 2973 288 3032 Tertium
312 2983 357 3030 est
382 2972 569 3048 propositum,
592 2980 624 3030 ut
651 2971 681 3028 in
709 2971 869 3029 beneficent

70 3087 102 3136 25
116 3069 245 3126 delectus
265 3079 340 3126 esset
360 3069 524 3145 dignitatis:
547 3068 577 3125 in
597 3086 655 3142 quo
675 3076 704 3124 et
723 3084 818 3124 mores
839 3069 869 3143 ej¹

115 3176 200 3222 erunt
214 3165 373 3241 spectandi,
389 3165 418 3222 in
435 3183 520 3239 quem
536 3163 709 3223 beneficium
725 3163 869 3222 conseretu

114 3270 144 3318 et
165 3261 276 3318 animus
296 3280 365 3338 erga
384 3280 447 3332 noa,
469 3272 497 3318 et
519 3260 710 3319 communitas
724 3279 758 3317 ao
779 3262 868 3319 sooiet

106 3357 180 3428 rita,
197 3359 280 3416 etad
299 3368 413 3418 nostras
432 3357 571 3420 utilitates
588 3356 684 3417 offitia
697 3367 763 3419 aute
777 3357 868 3418 collat
