1904 3750
90 258 127 326 ts
383 276 473 322 ciro
494 275 610 334 aaaron,
625 276 687 324 scu

164 424 180 452 “
190 421 268 482 Cedo,
279 421 320 484 qui
332 427 439 470 vestram
451 422 629 484 rempublicam
639 427 735 471 tanum
745 422 862 473 misistis
870 429 921 474 tam

221 502 287 550 cito?
296 502 311 522 ¹⁹

106 715 175 772 ,sic
196 714 274 772 enim
293 724 510 789 percontantur,
531 724 563 772 ut
583 724 628 772 est
655 715 685 772 in
709 714 805 774 Naevii
824 721 918 791 poeto

131 810 224 870 Ludo.
265 811 492 887 Respondentur
505 821 536 869 et
556 812 622 883 aha,
636 821 665 869 ct
683 813 746 870 haec
760 813 917 890 inprimis:

161 1003 177 1032 ‘⁴
186 1001 368 1052 Proveniebant
378 1007 487 1050 oratores
497 1002 566 1063 novi,
576 1002 656 1064 stulti,
667 1002 872 1053 adolescentuli.”

99 1193 117 1243 5
130 1197 295 1256 Temeritas
309 1208 353 1255 est
362 1197 498 1255 videlicet
509 1196 637 1254 florentis
651 1197 753 1271 aetatis,
766 1200 919 1275 prudentia

130 1295 317 1353 senescentis.

168 1487 235 1545 VH.
277 1487 318 1544 At
328 1485 469 1541 memoria
478 1484 626 1544 minuitur.
668 1486 775 1559 Credo,
787 1487 843 1545 nisi
854 1507 918 1546 eam

128 1600 273 1654 exerceas,
287 1592 335 1639 aut
346 1582 370 1638 si
382 1581 421 1638 sis
431 1581 533 1637 natura
545 1582 662 1641 tardior.
703 1583 918 1643 Themistocles

127 1679 257 1735 omnium
272 1678 378 1734 civium
399 1677 519 1734 nomina
537 1691 723 1755 perceperat:
745 1700 815 1739 num
829 1682 918 1759 igitur

80 1775 113 1825 1⁰
128 1775 254 1832 censetis
273 1794 350 1847 eum,
366 1794 433 1831 oum
454 1787 537 1834 aetate
558 1777 757 1852 processisset,
772 1779 821 1852 qui
837 1780 917 1836 Aris-

127 1871 202 1928 tides
244 1881 329 1943 esset,
364 1872 568 1947 Lysimachum
614 1875 738 1932 salutare
778 1875 916 1932 solitum?

127 1966 272 2042 Equidem
299 1988 357 2026 non
385 1970 472 2026 modo
505 1990 556 2028 eos
589 1971 656 2028 novi
684 1970 733 2044 qui
761 1981 837 2042 sunt,
866 1972 915 2028 sed

127 2081 228 2121 eorum
261 2076 357 2141 patres
390 2067 487 2138 etiam,
515 2078 544 2124 et
572 2086 655 2124 avos:
690 2085 756 2137 neo,
784 2068 917 2142 sepulcra

126 2161 236 2239 legens,
259 2180 359 2219 vereor
383 2161 475 2239 (quod
493 2163 587 2242 aiunt)
603 2182 641 2220 ne
663 2163 831 2219 memoriam
853 2182 916 2238 per·

80 2263 112 2313 15
127 2259 210 2316 darn:
232 2259 277 2315 his
299 2259 376 2315 enim
398 2259 468 2334 ipsis
489 2259 629 2335 legendis,
645 2259 732 2316 redeo
755 2259 784 2315 in
809 2277 916 2316 memo-

125 2354 198 2411 riam
219 2365 406 2412 mortuorum.
449 2355 516 2413 Neo
530 2374 598 2413 vero
619 2374 790 2430 quemquam
812 2374 914 2412 sanum

127 2451 223 2508 audivi
247 2450 378 2522 oblitum,
402 2471 459 2526 quo
483 2451 549 2508 loco
573 2452 740 2509 thesaurum
762 2451 913 2509 obruisset.

125 2546 243 2619 Omnia,
273 2566 336 2622 quae
364 2557 476 2619 curant,
505 2548 714 2616 meminerunt3
749 2547 916 2606 vadimonia

125 2643 298 2713 constituta3
320 2644 370 2718 qui
384 2644 449 2715 sibi,
465 2644 569 2718 quibus
584 2644 648 2720 ipsi,
663 2645 794 2701 debeant.

78 2759 111 2810 20
163 2738 247 2800 Quid
277 2739 497 2815 jurisconsultii
532 2740 601 2815 quid
634 2739 806 2815 pontificesi
845 2741 915 2813 quid

126 2835 268 2911 augures?
296 2835 366 2909 quid
394 2835 558 2911 philosophi
578 2837 682 2893 senesi
710 2853 795 2908 quam
824 2836 916 2895 muita

115 2930 334 2988 meminerunt!
377 2929 499 2988 Manent
527 2930 645 3006 ingenia
672 2929 798 3000 senibus,
828 2934 916 2990 modo

100 3039 288 3100 permaneat
308 3029 447 3091 studium
466 3039 496 3090 at
515 3025 676 3096 industria3
692 3043 751 3083 nec
768 3043 807 3082 aa
821 3027 918 3086 sotum
