<?xml version="1.0" encoding="UTF-8"?>
<!DOCTYPE html PUBLIC "-//W3C//DTD XHTML 1.0 Transitional//EN"
    "http://www.w3.org/TR/xhtml1/DTD/xhtml1-transitional.dtd">
<html xmlns="http://www.w3.org/1999/xhtml" xml:lang="en" lang="en">
 <head>
  <title>
</title>
<meta http-equiv="Content-Type" content="text/html;charset=utf-8" />
  <meta name='ocr-system' content='tesseract 3.04.00' />
  <meta name='ocr-capabilities' content='ocr_page ocr_carea ocr_par ocr_line ocrx_word'/>
</head>
<body>
  <div class='ocr_page' id='page_1' title='image "./mtciceronisdeof00dillgoog/mtciceronisdeof00dillgoog_0057.png"; bbox 0 0 1904 3750; ppageno 0'>
   <div class='ocr_carea' id='block_1_1' title="bbox 473 622 931 685">
    <p class='ocr_par' dir='ltr' id='par_1_1' title="bbox 473 622 931 685">
     <span class='ocr_line' id='line_1_1' title="bbox 473 622 931 685; baseline 0.009 -16"><span class='ocrx_word' id='word_1_1' title='bbox 473 623 517 670; x_wconf 85' lang='lat' dir='ltr'><strong>nn</strong></span> <span class='ocrx_word' id='word_1_2' title='bbox 536 622 682 669; x_wconf 76' lang='lat' dir='ltr'><strong>omens.</strong></span> <span class='ocrx_word' id='word_1_3' title='bbox 888 626 931 685; x_wconf 78' lang='lat' dir='ltr'><strong>[n.</strong></span> 
     </span>
    </p>
   </div>
   <div class='ocr_carea' id='block_1_2' title="bbox 129 773 932 2106">
    <p class='ocr_par' dir='ltr' id='par_1_2' title="bbox 144 773 932 1624">
     <span class='ocr_line' id='line_1_2' title="bbox 176 773 932 850; baseline 0 -18"><span class='ocrx_word' id='word_1_4' title='bbox 176 774 394 845; x_wconf 89' lang='lat' dir='ltr'><strong>urbibus,valde</strong></span> <span class='ocrx_word' id='word_1_5' title='bbox 405 773 647 831; x_wconf 86' lang='lat' dir='ltr'><strong>considerandum</strong></span> <span class='ocrx_word' id='word_1_6' title='bbox 654 783 707 845; x_wconf 86' lang='lat' dir='ltr'><strong>est,</strong></span> <span class='ocrx_word' id='word_1_7' title='bbox 716 793 753 832; x_wconf 92' lang='lat' dir='ltr'><strong>ne</strong></span> <span class='ocrx_word' id='word_1_8' title='bbox 766 773 835 850; x_wconf 90' lang='lat' dir='ltr'><strong>quid</strong></span> <span class='ocrx_word' id='word_1_9' title='bbox 846 784 932 832; x_wconf 89' lang='lat' dir='ltr'><strong>temer</strong></span> 
     </span>
     <span class='ocr_line' id='line_1_3' title="bbox 176 870 930 948; baseline 0.001 -20"><span class='ocrx_word' id='word_1_10' title='bbox 176 889 213 928; x_wconf 90' lang='lat' dir='ltr'><strong>ne</strong></span> <span class='ocrx_word' id='word_1_11' title='bbox 235 871 303 945; x_wconf 94' lang='lat' dir='ltr'><strong>quid</strong></span> <span class='ocrx_word' id='word_1_12' title='bbox 325 871 487 928; x_wconf 89' lang='lat' dir='ltr'><strong>crudeliter.</strong></span> <span class='ocrx_word' id='word_1_13' title='bbox 529 870 619 946; x_wconf 92' lang='lat' dir='ltr'><strong>quue</strong></span> <span class='ocrx_word' id='word_1_14' title='bbox 634 882 677 928; x_wconf 92' lang='lat' dir='ltr'><strong>est</strong></span> <span class='ocrx_word' id='word_1_15' title='bbox 690 871 743 928; x_wconf 87' lang='lat' dir='ltr'><strong>viri</strong></span> <span class='ocrx_word' id='word_1_16' title='bbox 757 872 865 948; x_wconf 85' lang='lat' dir='ltr'><strong>magni,</strong></span> <span class='ocrx_word' id='word_1_17' title='bbox 880 873 930 929; x_wconf 86' lang='lat' dir='ltr'><strong>reb</strong></span> 
     </span>
     <span class='ocr_line' id='line_1_4' title="bbox 177 968 929 1044; baseline 0.003 -21"><span class='ocrx_word' id='word_1_18' title='bbox 177 968 300 1043; x_wconf 87' lang='lat' dir='ltr'><strong>agitatis,</strong></span> <span class='ocrx_word' id='word_1_19' title='bbox 314 968 416 1044; x_wconf 86' lang='lat' dir='ltr'><strong>punire</strong></span> <span class='ocrx_word' id='word_1_20' title='bbox 430 978 537 1039; x_wconf 86' lang='lat' dir='ltr'><strong>sontes,</strong></span> <span class='ocrx_word' id='word_1_21' title='bbox 553 968 766 1025; x_wconf 86' lang='lat' dir='ltr'>multitudinem</span> <span class='ocrx_word' id='word_1_22' title='bbox 784 987 929 1026; x_wconf 75' lang='lat' dir='ltr'><strong>conservat</strong></span> 
     </span>
     <span class='ocr_line' id='line_1_5' title="bbox 176 1064 928 1139; baseline 0.003 -18"><span class='ocrx_word' id='word_1_23' title='bbox 176 1064 305 1121; x_wconf 90' lang='lat' dir='ltr'><strong>inomni</strong></span> <span class='ocrx_word' id='word_1_24' title='bbox 327 1065 442 1122; x_wconf 67' lang='lat' dir='ltr'><strong>fortunia</strong></span> <span class='ocrx_word' id='word_1_25' title='bbox 470 1075 551 1121; x_wconf 87' lang='lat' dir='ltr'><strong>recta</strong></span> <span class='ocrx_word' id='word_1_26' title='bbox 579 1074 662 1139; x_wconf 90' lang='lat' dir='ltr'><strong>atque</strong></span> <span class='ocrx_word' id='word_1_27' title='bbox 690 1065 812 1121; x_wconf 89' lang='lat' dir='ltr'><strong>honesta</strong></span> <span class='ocrx_word' id='word_1_28' title='bbox 831 1066 928 1123; x_wconf 71' lang='lat' dir='ltr'><strong>retine]</strong></span> 
     </span>
     <span class='ocr_line' id='line_1_6' title="bbox 144 1160 926 1242; baseline 0.003 -25"><span class='ocrx_word' id='word_1_29' title='bbox 144 1160 214 1218; x_wconf 82' lang='lat' dir='ltr'><strong>5Ut</strong></span> <span class='ocrx_word' id='word_1_30' title='bbox 236 1163 312 1218; x_wconf 91' lang='lat' dir='ltr'><strong>enim</strong></span> <span class='ocrx_word' id='word_1_31' title='bbox 335 1172 411 1233; x_wconf 88' lang='lat' dir='ltr'><strong>sunt,</strong></span> <span class='ocrx_word' id='word_1_32' title='bbox 436 1160 690 1238; x_wconf 81' lang='lat' dir='ltr'><strong>(quemadmodum</strong></span> <span class='ocrx_word' id='word_1_33' title='bbox 712 1181 798 1237; x_wconf 85' lang='lat' dir='ltr'><strong>supra</strong></span> <span class='ocrx_word' id='word_1_34' title='bbox 820 1161 895 1242; x_wconf 84' lang='lat' dir='ltr'><strong>dixi)</strong></span> <span class='ocrx_word' id='word_1_35' title='bbox 917 1183 926 1220; x_wconf 80' lang='lat' dir='ltr'><strong>i</strong></span> 
     </span>
     <span class='ocr_line' id='line_1_7' title="bbox 175 1258 923 1334; baseline 0.005 -21"><span class='ocrx_word' id='word_1_36' title='bbox 175 1258 294 1316; x_wconf 89' lang='lat' dir='ltr'><strong>urbanis</strong></span> <span class='ocrx_word' id='word_1_37' title='bbox 315 1259 401 1315; x_wconf 92' lang='lat' dir='ltr'><strong>rebus</strong></span> <span class='ocrx_word' id='word_1_38' title='bbox 422 1259 541 1315; x_wconf 89' lang='lat' dir='ltr'><strong>bellicas</strong></span> <span class='ocrx_word' id='word_1_39' title='bbox 563 1268 754 1334; x_wconf 88' lang='lat' dir='ltr'><strong>anteponant;</strong></span> <span class='ocrx_word' id='word_1_40' title='bbox 776 1259 820 1315; x_wconf 91' lang='lat' dir='ltr'><strong>sic</strong></span> <span class='ocrx_word' id='word_1_41' title='bbox 840 1279 923 1334; x_wconf 90' lang='lat' dir='ltr'><strong>reper</strong></span> 
     </span>
     <span class='ocr_line' id='line_1_8' title="bbox 176 1355 924 1432; baseline 0.004 -22"><span class='ocrx_word' id='word_1_42' title='bbox 176 1355 291 1427; x_wconf 88' lang='lat' dir='ltr'><strong>multos,</strong></span> <span class='ocrx_word' id='word_1_43' title='bbox 306 1356 410 1431; x_wconf 91' lang='lat' dir='ltr'><strong>quibus</strong></span> <span class='ocrx_word' id='word_1_44' title='bbox 423 1355 587 1432; x_wconf 89' lang='lat' dir='ltr'><strong>periculosa</strong></span> <span class='ocrx_word' id='word_1_45' title='bbox 597 1364 626 1411; x_wconf 88' lang='lat' dir='ltr'><strong>et</strong></span> <span class='ocrx_word' id='word_1_46' title='bbox 637 1355 732 1412; x_wconf 86' lang='lat' dir='ltr'><strong>calida</strong></span> <span class='ocrx_word' id='word_1_47' title='bbox 744 1356 876 1427; x_wconf 89' lang='lat' dir='ltr'><strong>consilia,</strong></span> <span class='ocrx_word' id='word_1_48' title='bbox 888 1375 924 1431; x_wconf 92' lang='lat' dir='ltr'><strong>qu</strong></span> 
     </span>
     <span class='ocr_line' id='line_1_9' title="bbox 175 1451 921 1530; baseline 0.003 -23"><span class='ocrx_word' id='word_1_49' title='bbox 175 1451 212 1508; x_wconf 91' lang='lat' dir='ltr'><strong>tis</strong></span> <span class='ocrx_word' id='word_1_50' title='bbox 223 1461 252 1508; x_wconf 89' lang='lat' dir='ltr'><strong>et</strong></span> <span class='ocrx_word' id='word_1_51' title='bbox 263 1452 398 1530; x_wconf 86' lang='lat' dir='ltr'><strong>cogitatis</strong></span> <span class='ocrx_word' id='word_1_52' title='bbox 407 1462 436 1509; x_wconf 90' lang='lat' dir='ltr'><strong>et</strong></span> <span class='ocrx_word' id='word_1_53' title='bbox 444 1451 640 1527; x_wconf 84' lang='lat' dir='ltr'><strong>splendidiora</strong></span> <span class='ocrx_word' id='word_1_54' title='bbox 649 1461 679 1508; x_wconf 87' lang='lat' dir='ltr'><strong>et</strong></span> <span class='ocrx_word' id='word_1_55' title='bbox 687 1451 796 1527; x_wconf 87' lang='lat' dir='ltr'><strong>majora</strong></span> <span class='ocrx_word' id='word_1_56' title='bbox 805 1452 921 1509; x_wconf 81' lang='lat' dir='ltr'><strong>videant</strong></span> 
     </span>
     <span class='ocr_line' id='line_1_10' title="bbox 215 1547 921 1624; baseline 0.001 -20"><span class='ocrx_word' id='word_1_57' title='bbox 215 1547 372 1624; x_wconf 83' lang='lat' dir='ltr'><strong>Nunquam</strong></span> <span class='ocrx_word' id='word_1_58' title='bbox 394 1549 522 1619; x_wconf 89' lang='lat' dir='ltr'><strong>omnino,</strong></span> <span class='ocrx_word' id='word_1_59' title='bbox 543 1548 665 1623; x_wconf 88' lang='lat' dir='ltr'><strong>periculi</strong></span> <span class='ocrx_word' id='word_1_60' title='bbox 687 1547 765 1624; x_wconf 72' lang='lat' dir='ltr'><strong>sugit,</strong></span> <span class='ocrx_word' id='word_1_61' title='bbox 788 1549 921 1605; x_wconf 75' lang='lat' dir='ltr'><strong>committi</strong></span> 
     </span>
    </p>

    <p class='ocr_par' dir='ltr' id='par_1_3' title="bbox 129 1643 920 1817">
     <span class='ocr_line' id='line_1_11' title="bbox 129 1643 920 1718; baseline -0.003 -15"><span class='ocrx_word' id='word_1_62' title='bbox 129 1655 160 1703; x_wconf 85' lang='lat'><strong>10</strong></span> <span class='ocrx_word' id='word_1_63' title='bbox 176 1643 244 1700; x_wconf 90' lang='lat' dir='ltr'><strong>dum</strong></span> <span class='ocrx_word' id='word_1_64' title='bbox 266 1657 318 1716; x_wconf 89' lang='lat' dir='ltr'><strong>est,</strong></span> <span class='ocrx_word' id='word_1_65' title='bbox 340 1656 370 1703; x_wconf 87' lang='lat' dir='ltr'><strong>ut</strong></span> <span class='ocrx_word' id='word_1_66' title='bbox 398 1645 529 1701; x_wconf 85' lang='lat' dir='ltr'><strong>imbelles</strong></span> <span class='ocrx_word' id='word_1_67' title='bbox 549 1644 700 1718; x_wconf 81' lang='lat' dir='ltr'><strong>timidique</strong></span> <span class='ocrx_word' id='word_1_68' title='bbox 720 1644 885 1701; x_wconf 88' lang='lat' dir='ltr'><strong>videamur:</strong></span> <span class='ocrx_word' id='word_1_69' title='bbox 915 1664 920 1701; x_wconf 84' lang='grc' dir='ltr'>ι</span> 
     </span>
     <span class='ocr_line' id='line_1_12' title="bbox 177 1741 919 1817; baseline 0 -20"><span class='ocrx_word' id='word_1_70' title='bbox 177 1741 345 1817; x_wconf 82' lang='lat' dir='ltr'><strong>fugiendum</strong></span> <span class='ocrx_word' id='word_1_71' title='bbox 360 1742 446 1797; x_wconf 89' lang='lat' dir='ltr'><strong>etiam</strong></span> <span class='ocrx_word' id='word_1_72' title='bbox 462 1741 542 1812; x_wconf 91' lang='lat' dir='ltr'><strong>illud,</strong></span> <span class='ocrx_word' id='word_1_73' title='bbox 558 1760 594 1798; x_wconf 92' lang='lat' dir='ltr'><strong>ne</strong></span> <span class='ocrx_word' id='word_1_74' title='bbox 615 1741 769 1798; x_wconf 84' lang='lat' dir='ltr'><strong>offeramus</strong></span> <span class='ocrx_word' id='word_1_75' title='bbox 787 1760 841 1797; x_wconf 91' lang='lat' dir='ltr'><strong>nos</strong></span> <span class='ocrx_word' id='word_1_76' title='bbox 854 1741 919 1817; x_wconf 88' lang='lat' dir='ltr'><strong>peri</strong></span> 
     </span>
    </p>

    <p class='ocr_par' dir='ltr' id='par_1_4' title="bbox 138 1837 918 2106">
     <span class='ocr_line' id='line_1_13' title="bbox 138 1837 918 1912; baseline 0 -18"><span class='ocrx_word' id='word_1_77' title='bbox 138 1904 141 1908; x_wconf 22' lang='lat'><em>¹</em></span> <span class='ocrx_word' id='word_1_78' title='bbox 176 1837 210 1894; x_wconf 88' lang='lat' dir='ltr'><strong>lis</strong></span> <span class='ocrx_word' id='word_1_79' title='bbox 231 1839 293 1895; x_wconf 90' lang='lat' dir='ltr'><strong>sine</strong></span> <span class='ocrx_word' id='word_1_80' title='bbox 315 1838 421 1895; x_wconf 77' lang='lat' dir='ltr'><strong>eausa:</strong></span> <span class='ocrx_word' id='word_1_81' title='bbox 451 1856 508 1911; x_wconf 90' lang='lat' dir='ltr'><strong>quo</strong></span> <span class='ocrx_word' id='word_1_82' title='bbox 536 1837 607 1893; x_wconf 91' lang='lat' dir='ltr'><strong>nihil</strong></span> <span class='ocrx_word' id='word_1_83' title='bbox 636 1848 731 1912; x_wconf 87' lang='lat' dir='ltr'><strong>potest</strong></span> <span class='ocrx_word' id='word_1_84' title='bbox 758 1856 821 1893; x_wconf 90' lang='lat' dir='ltr'><strong>esse</strong></span> <span class='ocrx_word' id='word_1_85' title='bbox 842 1837 918 1894; x_wconf 88' lang='lat' dir='ltr'><strong>stulti</strong></span> 
     </span>
     <span class='ocr_line' id='line_1_14' title="bbox 174 1933 916 2014; baseline 0.001 -25"><span class='ocrx_word' id='word_1_86' title='bbox 174 1933 373 2014; x_wconf 55' lang='lat' dir='ltr'><strong>Quapropter,</strong></span> <span class='ocrx_word' id='word_1_87' title='bbox 404 1934 433 1990; x_wconf 95' lang='lat' dir='ltr'><strong>in</strong></span> <span class='ocrx_word' id='word_1_88' title='bbox 459 1934 599 1990; x_wconf 83' lang='lat' dir='ltr'><strong>adeundis</strong></span> <span class='ocrx_word' id='word_1_89' title='bbox 622 1934 757 2010; x_wconf 91' lang='lat' dir='ltr'><strong>periculis</strong></span> <span class='ocrx_word' id='word_1_90' title='bbox 787 1945 916 1991; x_wconf 83' lang='lat' dir='ltr'><strong>consueti</strong></span> 
     </span>
     <span class='ocr_line' id='line_1_15' title="bbox 177 2030 915 2106; baseline 0.001 -20"><span class='ocrx_word' id='word_1_91' title='bbox 177 2030 316 2087; x_wconf 90' lang='lat' dir='ltr'><strong>imitanda</strong></span> <span class='ocrx_word' id='word_1_92' title='bbox 336 2030 514 2086; x_wconf 87' lang='lat' dir='ltr'><strong>medicorum</strong></span> <span class='ocrx_word' id='word_1_93' title='bbox 537 2041 589 2100; x_wconf 89' lang='lat' dir='ltr'><strong>est,</strong></span> <span class='ocrx_word' id='word_1_94' title='bbox 604 2031 653 2106; x_wconf 92' lang='lat' dir='ltr'><strong>qni</strong></span> <span class='ocrx_word' id='word_1_95' title='bbox 674 2031 774 2087; x_wconf 89' lang='lat' dir='ltr'><strong>leviter</strong></span> <span class='ocrx_word' id='word_1_96' title='bbox 795 2041 915 2106; x_wconf 81' lang='lat' dir='ltr'><strong>aegrotar</strong></span> 
     </span>
    </p>
   </div>
   <div class='ocr_carea' id='block_1_3' title="bbox 20 2127 915 2203">
    <p class='ocr_par' dir='ltr' id='par_1_5' title="bbox 20 2127 915 2203">
     <span class='ocr_line' id='line_1_16' title="bbox 20 2127 915 2203; baseline -0.004 -16"><span class='ocrx_word' id='word_1_97' title='bbox 20 2186 22 2197; x_wconf 83' lang='grc'>,</span> <span class='ocrx_word' id='word_1_98' title='bbox 57 2130 59 2133; x_wconf 74' lang='grc'><strong>’</strong></span> <span class='ocrx_word' id='word_1_99' title='bbox 130 2140 160 2188; x_wconf 86' lang='lat'><strong>15</strong></span> <span class='ocrx_word' id='word_1_100' title='bbox 176 2127 278 2183; x_wconf 88' lang='lat' dir='ltr'><strong>leniter</strong></span> <span class='ocrx_word' id='word_1_101' title='bbox 293 2137 405 2197; x_wconf 89' lang='lat' dir='ltr'><strong>curant,</strong></span> <span class='ocrx_word' id='word_1_102' title='bbox 420 2127 600 2203; x_wconf 83' lang='lat' dir='ltr'><strong>gravioribus</strong></span> <span class='ocrx_word' id='word_1_103' title='bbox 622 2139 716 2185; x_wconf 91' lang='lat' dir='ltr'><strong>autem</strong></span> <span class='ocrx_word' id='word_1_104' title='bbox 732 2129 840 2184; x_wconf 88' lang='lat' dir='ltr'><strong>morbis</strong></span> <span class='ocrx_word' id='word_1_105' title='bbox 853 2128 915 2203; x_wconf 88' lang='lat' dir='ltr'><strong>peri</strong></span> 
     </span>
    </p>
   </div>
   <div class='ocr_carea' id='block_1_4' title="bbox 130 2224 913 3461">
    <p class='ocr_par' dir='ltr' id='par_1_6' title="bbox 130 2224 913 3461">
     <span class='ocr_line' id='line_1_17' title="bbox 176 2224 913 2300; baseline 0 -20"><span class='ocrx_word' id='word_1_106' title='bbox 176 2224 251 2280; x_wconf 87' lang='lat' dir='ltr'><strong>losas</strong></span> <span class='ocrx_word' id='word_1_107' title='bbox 265 2224 432 2280; x_wconf 83' lang='lat' dir='ltr'><strong>curationes</strong></span> <span class='ocrx_word' id='word_1_108' title='bbox 451 2235 480 2280; x_wconf 90' lang='lat' dir='ltr'><strong>et</strong></span> <span class='ocrx_word' id='word_1_109' title='bbox 501 2224 641 2299; x_wconf 82' lang='lat' dir='ltr'><strong>ancipites</strong></span> <span class='ocrx_word' id='word_1_110' title='bbox 663 2224 799 2280; x_wconf 92' lang='lat' dir='ltr'><strong>adhibere</strong></span> <span class='ocrx_word' id='word_1_111' title='bbox 813 2243 913 2300; x_wconf 65' lang='lat' dir='ltr'><strong>cogunt</strong></span> 
     </span>
     <span class='ocr_line' id='line_1_18' title="bbox 174 2319 897 2394; baseline -0.003 -16"><span class='ocrx_word' id='word_1_112' title='bbox 174 2319 286 2389; x_wconf 83' lang='lat' dir='ltr'><strong>Quare,</strong></span> <span class='ocrx_word' id='word_1_113' title='bbox 305 2319 334 2376; x_wconf 94' lang='lat' dir='ltr'><strong>in</strong></span> <span class='ocrx_word' id='word_1_114' title='bbox 354 2320 508 2394; x_wconf 87' lang='lat' dir='ltr'><strong>tranquillo</strong></span> <span class='ocrx_word' id='word_1_115' title='bbox 528 2329 728 2394; x_wconf 86' lang='lat' dir='ltr'><strong>tempestatem</strong></span> <span class='ocrx_word' id='word_1_116' title='bbox 750 2321 897 2377; x_wconf 88' lang='lat' dir='ltr'><strong>adversam</strong></span> 
     </span>
     <span class='ocr_line' id='line_1_19' title="bbox 176 2414 910 2491; baseline 0.001 -20"><span class='ocrx_word' id='word_1_117' title='bbox 176 2424 247 2485; x_wconf 90' lang='lat' dir='ltr'><strong>tare,</strong></span> <span class='ocrx_word' id='word_1_118' title='bbox 267 2414 410 2471; x_wconf 91' lang='lat' dir='ltr'><strong>dementis</strong></span> <span class='ocrx_word' id='word_1_119' title='bbox 431 2425 473 2471; x_wconf 90' lang='lat' dir='ltr'><strong>est</strong></span> <span class='ocrx_word' id='word_1_120' title='bbox 485 2436 492 2484; x_wconf 90' lang='lat'>;</span> <span class='ocrx_word' id='word_1_121' title='bbox 514 2415 666 2471; x_wconf 87' lang='lat' dir='ltr'><strong>subvenire</strong></span> <span class='ocrx_word' id='word_1_122' title='bbox 689 2426 782 2472; x_wconf 93' lang='lat' dir='ltr'><strong>autem</strong></span> <span class='ocrx_word' id='word_1_123' title='bbox 804 2426 910 2491; x_wconf 87' lang='lat' dir='ltr'><strong>tempes</strong></span> 
     </span>
     <span class='ocr_line' id='line_1_20' title="bbox 177 2512 909 2588; baseline 0.001 -21"><span class='ocrx_word' id='word_1_124' title='bbox 177 2512 276 2586; x_wconf 73' lang='lat' dir='ltr'><strong>quavis</strong></span> <span class='ocrx_word' id='word_1_125' title='bbox 297 2513 419 2582; x_wconf 88' lang='lat' dir='ltr'><strong>ratione,</strong></span> <span class='ocrx_word' id='word_1_126' title='bbox 441 2513 592 2586; x_wconf 83' lang='lat' dir='ltr'><strong>sapientis3</strong></span> <span class='ocrx_word' id='word_1_127' title='bbox 614 2531 707 2586; x_wconf 91' lang='lat' dir='ltr'><strong>eoque</strong></span> <span class='ocrx_word' id='word_1_128' title='bbox 729 2513 829 2588; x_wconf 85' lang='lat' dir='ltr'><strong>magis,</strong></span> <span class='ocrx_word' id='word_1_129' title='bbox 856 2513 879 2568; x_wconf 90' lang='lat' dir='ltr'><strong>si</strong></span> <span class='ocrx_word' id='word_1_130' title='bbox 902 2532 909 2588; x_wconf 80' lang='lat'>1</span> 
     </span>
     <span class='ocr_line' id='line_1_21' title="bbox 130 2608 907 2684; baseline 0 -19"><span class='ocrx_word' id='word_1_131' title='bbox 130 2625 161 2674; x_wconf 72' lang='grc' dir='ltr'><strong>ρο</strong></span> <span class='ocrx_word' id='word_1_132' title='bbox 178 2608 348 2684; x_wconf 87' lang='lat' dir='ltr'><strong>adipiscare,</strong></span> <span class='ocrx_word' id='word_1_133' title='bbox 364 2627 393 2664; x_wconf 92' lang='lat' dir='ltr'><strong>re</strong></span> <span class='ocrx_word' id='word_1_134' title='bbox 414 2609 566 2684; x_wconf 73' lang='lat' dir='ltr'><strong>explicatis,</strong></span> <span class='ocrx_word' id='word_1_135' title='bbox 582 2608 661 2678; x_wconf 91' lang='lat' dir='ltr'><strong>boni,</strong></span> <span class='ocrx_word' id='word_1_136' title='bbox 677 2626 772 2682; x_wconf 82' lang='lat' dir='ltr'><strong>quam,</strong></span> <span class='ocrx_word' id='word_1_137' title='bbox 789 2609 907 2665; x_wconf 89' lang='lat' dir='ltr'><strong>addubit</strong></span> 
     </span>
     <span class='ocr_line' id='line_1_22' title="bbox 177 2704 907 2779; baseline 0 -18"><span class='ocrx_word' id='word_1_138' title='bbox 177 2704 253 2762; x_wconf 90' lang='lat' dir='ltr'><strong>mali.</strong></span> <span class='ocrx_word' id='word_1_139' title='bbox 296 2704 468 2761; x_wconf 82' lang='lat' dir='ltr'><strong>Periculosae</strong></span> <span class='ocrx_word' id='word_1_140' title='bbox 490 2714 583 2761; x_wconf 86' lang='lat' dir='ltr'><strong>autem</strong></span> <span class='ocrx_word' id='word_1_141' title='bbox 605 2722 700 2759; x_wconf 87' lang='lat' dir='ltr'><strong>rerum</strong></span> <span class='ocrx_word' id='word_1_142' title='bbox 721 2704 850 2760; x_wconf 89' lang='lat' dir='ltr'><strong>actiones</strong></span> <span class='ocrx_word' id='word_1_143' title='bbox 864 2723 907 2779; x_wconf 84' lang='lat' dir='ltr'><strong>pai</strong></span> 
     </span>
     <span class='ocr_line' id='line_1_23' title="bbox 178 2800 902 2876; baseline 0 -18"><span class='ocrx_word' id='word_1_144' title='bbox 178 2802 213 2858; x_wconf 89' lang='lat' dir='ltr'><strong>iis</strong></span> <span class='ocrx_word' id='word_1_145' title='bbox 242 2811 308 2858; x_wconf 88' lang='lat' dir='ltr'><strong>sunt</strong></span> <span class='ocrx_word' id='word_1_146' title='bbox 337 2801 385 2876; x_wconf 92' lang='lat' dir='ltr'><strong>qui</strong></span> <span class='ocrx_word' id='word_1_147' title='bbox 407 2821 455 2858; x_wconf 89' lang='lat' dir='ltr'><strong>eas</strong></span> <span class='ocrx_word' id='word_1_148' title='bbox 476 2801 647 2876; x_wconf 86' lang='lat' dir='ltr'><strong>suscipiunt,</strong></span> <span class='ocrx_word' id='word_1_149' title='bbox 668 2800 769 2875; x_wconf 87' lang='lat' dir='ltr'><strong>partim</strong></span> <span class='ocrx_word' id='word_1_150' title='bbox 792 2802 902 2876; x_wconf 88' lang='lat' dir='ltr'><strong>reipubl</strong></span> 
     </span>
     <span class='ocr_line' id='line_1_24' title="bbox 178 2896 905 2973; baseline 0 -19"><span class='ocrx_word' id='word_1_151' title='bbox 178 2897 308 2972; x_wconf 89' lang='lat' dir='ltr'><strong>Itemque</strong></span> <span class='ocrx_word' id='word_1_152' title='bbox 324 2898 370 2954; x_wconf 86' lang='lat' dir='ltr'><strong>alii</strong></span> <span class='ocrx_word' id='word_1_153' title='bbox 386 2898 421 2953; x_wconf 95' lang='lat' dir='ltr'><strong>de</strong></span> <span class='ocrx_word' id='word_1_154' title='bbox 432 2898 501 2966; x_wconf 75' lang='lat' dir='ltr'><strong>vital,</strong></span> <span class='ocrx_word' id='word_1_155' title='bbox 512 2897 559 2953; x_wconf 92' lang='lat' dir='ltr'><strong>alii</strong></span> <span class='ocrx_word' id='word_1_156' title='bbox 571 2897 607 2952; x_wconf 95' lang='lat' dir='ltr'><strong>de</strong></span> <span class='ocrx_word' id='word_1_157' title='bbox 618 2896 719 2973; x_wconf 67' lang='lat' dir='ltr'><strong>gloria,</strong></span> <span class='ocrx_word' id='word_1_158' title='bbox 730 2906 757 2952; x_wconf 92' lang='lat' dir='ltr'><strong>et</strong></span> <span class='ocrx_word' id='word_1_159' title='bbox 770 2897 905 2954; x_wconf 89' lang='lat' dir='ltr'><strong>benevole</strong></span> 
     </span>
     <span class='ocr_line' id='line_1_25' title="bbox 179 2992 903 3067; baseline -0.001 -17"><span class='ocrx_word' id='word_1_160' title='bbox 179 2995 295 3065; x_wconf 86' lang='lat' dir='ltr'><strong>civium,</strong></span> <span class='ocrx_word' id='word_1_161' title='bbox 308 2995 337 3050; x_wconf 91' lang='lat' dir='ltr'><strong>in</strong></span> <span class='ocrx_word' id='word_1_162' title='bbox 353 2994 506 3051; x_wconf 91' lang='lat' dir='ltr'><strong>discrimen</strong></span> <span class='ocrx_word' id='word_1_163' title='bbox 520 3004 666 3050; x_wconf 88' lang='lat' dir='ltr'><strong>vocantur.</strong></span> <span class='ocrx_word' id='word_1_164' title='bbox 709 2992 903 3067; x_wconf 87' lang='lat' dir='ltr'><strong>Promptiores</strong></span> 
     </span>
     <span class='ocr_line' id='line_1_26' title="bbox 131 3090 903 3165; baseline 0 -18"><span class='ocrx_word' id='word_1_165' title='bbox 131 3106 164 3154; x_wconf 76' lang='lat'><strong>25</strong></span> <span class='ocrx_word' id='word_1_166' title='bbox 178 3100 224 3147; x_wconf 89' lang='lat' dir='ltr'><strong>tur</strong></span> <span class='ocrx_word' id='word_1_167' title='bbox 249 3091 386 3148; x_wconf 88' lang='lat' dir='ltr'><strong>debemus</strong></span> <span class='ocrx_word' id='word_1_168' title='bbox 408 3109 472 3146; x_wconf 90' lang='lat' dir='ltr'><strong>esse</strong></span> <span class='ocrx_word' id='word_1_169' title='bbox 494 3091 529 3146; x_wconf 93' lang='lat' dir='ltr'><strong>ad</strong></span> <span class='ocrx_word' id='word_1_170' title='bbox 551 3100 650 3147; x_wconf 87' lang='lat' dir='ltr'><strong>nostra</strong></span> <span class='ocrx_word' id='word_1_171' title='bbox 668 3090 808 3165; x_wconf 86' lang='lat' dir='ltr'><strong>pericula,</strong></span> <span class='ocrx_word' id='word_1_172' title='bbox 827 3109 903 3163; x_wconf 88' lang='lat' dir='ltr'><strong>quan</strong></span> 
     </span>
     <span class='ocr_line' id='line_1_27' title="bbox 180 3185 902 3262; baseline 0.001 -20"><span class='ocrx_word' id='word_1_173' title='bbox 180 3188 355 3257; x_wconf 91' lang='lat' dir='ltr'><strong>communia,</strong></span> <span class='ocrx_word' id='word_1_174' title='bbox 377 3187 571 3262; x_wconf 86' lang='lat' dir='ltr'><strong>dimicareque</strong></span> <span class='ocrx_word' id='word_1_175' title='bbox 599 3187 727 3261; x_wconf 87' lang='lat' dir='ltr'><strong>paratius</strong></span> <span class='ocrx_word' id='word_1_176' title='bbox 750 3185 786 3242; x_wconf 93' lang='lat' dir='ltr'><strong>de</strong></span> <span class='ocrx_word' id='word_1_177' title='bbox 809 3188 902 3243; x_wconf 91' lang='lat' dir='ltr'><strong>honor</strong></span> 
     </span>
     <span class='ocr_line' id='line_1_28' title="bbox 173 3274 742 3357; baseline 0.002 -21"><span class='ocrx_word' id='word_1_178' title='bbox 173 3282 281 3355; x_wconf 71' lang='lat' dir='ltr'><strong>gloria,</strong></span> <span class='ocrx_word' id='word_1_179' title='bbox 297 3301 382 3357; x_wconf 90' lang='lat' dir='ltr'><strong>quam</strong></span> <span class='ocrx_word' id='word_1_180' title='bbox 397 3274 434 3338; x_wconf 87' lang='lat' dir='ltr'><strong>de</strong></span> <span class='ocrx_word' id='word_1_181' title='bbox 447 3281 558 3337; x_wconf 74' lang='lat' dir='ltr'><strong>caeteris</strong></span> <span class='ocrx_word' id='word_1_182' title='bbox 573 3281 742 3338; x_wconf 83' lang='lat' dir='ltr'><strong>commodis.</strong></span> 
     </span>
     <span class='ocr_line' id='line_1_29' title="bbox 203 3375 900 3461; baseline 0.006 -27"><span class='ocrx_word' id='word_1_183' title='bbox 203 3375 327 3434; x_wconf 78' lang='lat' dir='ltr'><strong>Inventi</strong></span> <span class='ocrx_word' id='word_1_184' title='bbox 343 3388 443 3437; x_wconf 85' lang='lat' dir='ltr'><strong>autem</strong></span> <span class='ocrx_word' id='word_1_185' title='bbox 459 3378 543 3437; x_wconf 91' lang='lat' dir='ltr'><strong>multi</strong></span> <span class='ocrx_word' id='word_1_186' title='bbox 557 3388 636 3452; x_wconf 83' lang='lat' dir='ltr'><strong>sunt,</strong></span> <span class='ocrx_word' id='word_1_187' title='bbox 647 3378 698 3461; x_wconf 88' lang='lat' dir='ltr'><strong>qui</strong></span> <span class='ocrx_word' id='word_1_188' title='bbox 710 3397 771 3442; x_wconf 92' lang='lat' dir='ltr'><strong>non</strong></span> <span class='ocrx_word' id='word_1_189' title='bbox 784 3379 869 3438; x_wconf 90' lang='lat' dir='ltr'><strong>modo</strong></span> <span class='ocrx_word' id='word_1_190' title='bbox 883 3399 900 3457; x_wconf 89' lang='lat' dir='ltr'><strong>p</strong></span> 
     </span>
    </p>
   </div>
   <div class='ocr_carea' id='block_1_5' title="bbox 0 0 956 3750">
    <p class='ocr_par' dir='ltr' id='par_1_7' title="bbox 0 0 956 3750">
     <span class='ocr_line' id='line_1_30' title="bbox 0 0 956 3750; baseline 0 9"><span class='ocrx_word' id='word_1_191' title='bbox 0 0 956 3750; x_wconf 95' lang='lat' dir='ltr'><strong> </strong></span> 
     </span>
    </p>
   </div>
  </div>
 </body>
</html>
