1904 3750
54 605 92 671 ut
367 622 412 670 nu
433 621 578 670 umetis.
785 605 866 682 [nn

81 767 158 842 quod
172 786 190 826 a
202 767 373 827 liberalitate
394 769 597 846 proficiscitur,
618 787 679 827 non
700 787 760 828 uno
778 769 867 829 niodo

80 862 111 923 in
122 864 283 940 disparibus
298 866 392 923 causis
407 865 503 923 affecti
517 884 581 923 esse
595 866 742 924 debemus.

118 960 188 1019 Alia
202 973 346 1019 causaest
360 962 422 1038 ejus
436 962 485 1037 qui
500 962 663 1020 calamitate
675 962 823 1038 premitur,
837 973 867 1021 et

79 1055 142 1132 ejus
164 1057 214 1130 qui
238 1077 284 1115 res
307 1058 441 1116 meliores
464 1058 575 1133 quatit,
589 1058 677 1115 nullis
700 1059 760 1115 suis
781 1060 867 1116 rebus

46 1151 213 1211 badversis.
254 1154 428 1230 Propensior
446 1154 609 1230 benignitus
626 1172 689 1211 esse
705 1154 823 1212 debebit
836 1155 867 1211 in

79 1248 270 1321 calamitosos,
295 1249 351 1307 uisi
375 1250 449 1309 lorte
475 1259 559 1307 eruut
585 1249 667 1326 digni
693 1249 865 1308 calamitate.

78 1343 114 1403 In
136 1344 172 1403 iis
193 1355 289 1403 tamen
311 1346 412 1420 quise
434 1345 560 1421 adjuvari
583 1345 688 1417 volent,
710 1364 770 1403 non
784 1356 866 1403 utne

80 1440 252 1517 affligantur,
267 1442 317 1499 sed
334 1452 366 1498 ut
385 1441 515 1499 altiorem
536 1441 657 1518 gradum
678 1441 865 1514 adscendunt,

79 1537 204 1596 restricti
223 1538 343 1595 ‘omnino
358 1557 421 1595 esse
434 1538 515 1595 nullo
528 1537 615 1596 modo
628 1537 782 1606 debemus3
804 1537 864 1608 sed,

32 1643 64 1694 1⁰
80 1632 111 1691 in
135 1633 296 1714 deligendis
323 1634 444 1705 idoneis,
467 1633 610 1709 judicium
634 1642 664 1692 et
686 1632 866 1710 diligentiam

80 1729 216 1789 adhibere
224 1750 232 1801 ;
253 1748 321 1789 nam
333 1730 470 1807 praeclare
484 1728 614 1786 Ennius:

163 1875 179 1902 ‘⁴
188 1871 324 1920 Beuefacta
334 1871 398 1919 male
410 1872 498 1934 locuta,
509 1871 641 1919 malefacta
651 1871 778 1920 arbitror.'’

78 2015 169 2077 Quod
190 2026 285 2074 autem
305 2016 445 2074 tributum
465 2028 508 2074 est
524 2017 600 2074 bono
613 2016 674 2074 viro
688 2026 717 2074 et
730 2027 820 2094 grato,
835 2016 865 2075 in

78 2130 114 2171 eo
129 2130 195 2169 cum
209 2131 245 2169 ex
259 2112 320 2187 ipso
334 2112 444 2170 fructus
458 2123 511 2185 est,
526 2123 587 2170 tum
602 2113 688 2170 etiam
702 2132 738 2170 ex
751 2113 864 2173 ceteris.

33 2220 64 2270 15
78 2208 256 2267 Temeritate
277 2209 354 2266 enim
375 2209 494 2281 remota,
509 2210 671 2286 gratissima
687 2220 730 2267 est
743 2210 866 2268 liberali·

78 2314 138 2364 tas:
173 2323 265 2380 eoque
291 2324 355 2362 eam
387 2306 543 2363 studiosius
574 2306 704 2382 plerique
736 2305 865 2378 laudant,

78 2402 156 2477 quod
183 2401 287 2459 summi
314 2401 452 2478 cujusque
479 2403 593 2460 bonitas
620 2420 773 2459 commune
804 2420 871 2477 perr

79 2497 190 2575 fugium
204 2508 248 2556 est
260 2497 397 2558 omnium.
440 2499 544 2556 Danda
563 2499 651 2575 igitur
664 2509 818 2573 operaest,
835 2507 866 2555 ut

78 2593 124 2652 his
138 2594 286 2653 beneficiis
302 2613 387 2670 quam
406 2595 543 2672 plurimos
564 2594 731 2666 afficiamus,
746 2612 866 2668 quorum

33 2700 64 2750 20
79 2691 217 2748 memoria
249 2689 348 2748 liberis
380 2690 558 2766 posterisque
589 2690 737 2763 prodatur,
765 2700 797 2746 ut
831 2689 866 2746 iis

79 2787 199 2864 ingratis
213 2805 347 2845 essenon
361 2787 454 2845 liceat.
497 2784 607 2841 Omnes
620 2785 698 2842 enirn
720 2785 867 2842 immemo-

79 2903 139 2942 rem
161 2883 295 2941 beneficii
315 2883 453 2951 oderuut;
474 2899 596 2954 eumque
616 2880 751 2956 iujuriam
768 2881 797 2938 in
819 2881 868 2937 de-

79 2980 214 3037 terrendt
226 2978 396 3036 liberalitate
411 2977 466 3035 sibi
480 2977 568 3034 etiam
582 2977 654 3047 lieri,
669 2996 802 3052 eumque,
816 2977 865 3052 qui

81 3074 177 3147 faciat,
194 3092 375 3132 communem
390 3074 501 3131 bostem
515 3073 679 3131 tenuiorum
693 3083 804 3148 putant.

32 3175 65 3224 25
118 3168 216 3244 Atque
236 3169 299 3225 baec
319 3168 481 3245 benignitas
500 3168 588 3226 etiarn
608 3168 774 3244 reipublicae
788 3167 867 3226 utilis

72 3273 128 3336 est,
142 3264 249 3324 redimi
263 3282 280 3324 e
293 3263 429 3323 seruitute
443 3274 552 3341 captos,
565 3264 737 3342 locupletari
755 3264 868 3344 tenuio-
