1904 3750
56 257 97 334 86
257 267 395 325 amima,
414 265 488 312 srva
508 266 552 312 na
574 263 732 312 autom

101 415 158 494 cst)
175 413 211 472 ad
230 413 388 472 tollendam
403 413 560 472 amicitiam
574 413 658 471 valet.
699 410 774 470 Illud
795 410 895 488 potius

101 511 326 587 praecipiendum
347 511 410 582 fuit,
426 520 457 568 ut
470 528 535 568 eam
549 509 728 587 diligentiam
743 508 895 566 adhibere·

101 627 165 665 mus
199 607 229 664 in
264 607 399 664 amicitiis
432 606 644 682 comparandis,
673 615 705 662 ut
738 605 893 680 nequando

102 722 197 761 amare
218 703 411 779 inciperemus
431 722 508 774 eum,
523 721 608 777 quem
630 702 782 777 aliquando
796 701 894 758 odisse

70 809 257 875 5p0ssemus
298 800 480 871 Quinetiam,
503 799 528 857 si
542 799 637 856 minus
651 798 752 855 felices
772 798 802 854 in
823 787 901 856 deli-'

100 896 196 973 gendo
227 896 389 967 fuissemus,
417 895 567 953 ferendum
595 894 623 951 id
658 893 761 970 Scipio
785 894 892 970 potius,

101 1010 186 1065 quarn
220 992 438 1049 inimicitiarum
471 1001 584 1067 tempus
618 990 815 1068 cogitandum,
842 1009 894 1067 pu·

101 1089 188 1146 tabat.

141 1282 240 1340 XVII.
263 1283 319 1339 His
334 1280 420 1359 igitur
435 1282 540 1339 finibus
554 1281 692 1339 utendum
708 1280 837 1351 arbitror,
849 1290 892 1352 ut,

56 1390 87 1438 10
101 1398 168 1435 cum
192 1379 336 1436 emendati
363 1398 458 1435 mores
486 1379 644 1435 amicorum
672 1377 739 1448 sint,
767 1386 828 1434 turn
855 1377 893 1433 sit

101 1474 246 1531 intereos
267 1475 395 1532 omnium
416 1493 521 1543 rerum,
544 1473 745 1544 consiliorum,
763 1472 893 1529 volunta·

100 1579 171 1640 tum,
182 1569 244 1626 sine
260 1570 318 1626 ulla
329 1569 509 1643 exceptione,
522 1569 729 1639 communitas;
752 1577 794 1639 ut,
804 1567 891 1624 etiam

100 1664 124 1720 si
139 1665 195 1738 quai
216 1664 332 1720 fortuna
354 1664 503 1734 acciderit,
519 1674 551 1720 ut
571 1663 667 1720 minus
686 1664 770 1740 justae
786 1663 893 1720 amico-

99 1778 163 1816 rum
178 1760 339 1816 voluntates
361 1759 527 1835 adjuvandae
546 1760 612 1831 sint,
628 1760 658 1816 in
673 1761 777 1835 quibus
791 1779 893 1818 corum

55 1871 85 1918 15
101 1867 149 1913 aut
169 1867 255 1931 caput
277 1867 375 1933 agatur
398 1866 446 1912 aut
468 1857 553 1927 sama,
573 1857 777 1914 declinandum
798 1857 835 1914 sit
856 1856 892 1914 de

100 1953 156 2023 via,
178 1955 264 2009 modo
285 1973 322 2010 ne
343 1973 454 2010 summa
481 1955 628 2028 turpitudo
653 1965 796 2027 sequatur.
839 1953 893 2010 Est

100 2050 188 2121 enim,
203 2051 344 2125 quatenus
360 2051 494 2107 amicitiae
509 2051 570 2107 dari
587 2051 670 2106 venia
683 2050 783 2125 possit.
825 2049 892 2107 Nec

100 2166 168 2204 vero
189 2148 362 2223 negligenda
382 2158 426 2203 est
447 2147 538 2204 lama:
561 2167 616 2204 ncc
637 2147 783 2203 mediocre
801 2147 892 2204 telum

101 2245 136 2300 ad
151 2263 196 2300 res
211 2245 351 2319 gerendas
365 2244 528 2300 existimare
539 2253 650 2319 oportet
662 2243 892 2301 benevolentiam

54 2353 85 2400 20
100 2341 223 2410 civium3
245 2360 329 2414 quam
344 2340 489 2396 blanditiis
510 2350 538 2396 et
560 2340 732 2397 assentando
753 2339 892 2416 colligere

99 2446 182 2511 turpe
196 2446 247 2492 est.
283 2437 391 2507 Virtus,
404 2455 489 2510 quam
504 2437 632 2511 sequitur
644 2436 758 2507 caritas,
770 2436 891 2494 minime

99 2533 278 2608 repudianda
291 2543 342 2589 est.

140 2629 198 2685 Sed
219 2647 293 2702 saepe
309 2626 428 2703 (etenim
450 2628 537 2686 redeo
558 2628 592 2684 ad
614 2628 793 2703 Scipionem,
808 2628 891 2704 cujus

99 2724 194 2781 omnis
215 2743 307 2780 sermo
321 2736 382 2779 erat
403 2724 439 2779 de
455 2724 596 2802 amicitiai)
614 2726 796 2798 querebatur,
812 2726 890 2797 quod

53 2816 84 2865 25
99 2820 232 2875 omnibus
247 2819 275 2875 in
295 2820 381 2876 rebus
403 2819 534 2876 homines
555 2820 752 2895 diligentiores
773 2830 888 2890 essent3

96 2922 128 2969 ut
150 2933 252 2992 capras
273 2925 301 2973 et
324 2935 391 2973 oves
413 2928 483 2991 quot
505 2917 625 2991 quisque
648 2917 774 2986 haberet,
790 2916 889 2975 dicere

80 3025 190 3091 posset
198 3037 206 3089 ;
231 3018 345 3078 amicos
361 3027 434 3096 quot
445 3014 580 3087 baberet,
589 3032 652 3071 uon
665 3023 764 3087 posset
773 3012 888 3072 dicere:
