1904 3750
56 217 83 266 L.
94 218 149 278 111.]
345 220 389 268 DE
410 222 556 269 omens·
834 214 892 276 Μ

55 386 220 442 quanquam
255 369 291 425 ab
324 368 412 444 impio
445 389 514 447 rege
548 370 664 443 dicitur,
698 370 846 432 luculente

54 475 151 522 temen
167 464 282 522 dieitur.

94 562 216 618 Addunt
244 562 340 633 etiam,
365 564 607 637 quemadmodum
633 581 688 621 nos
714 565 846 623 dieamus

55 658 145 715 videri
164 659 294 733 quaedam
309 659 391 716 utilia
404 680 467 735 quae
481 680 539 717 uon
554 661 621 732 sint,
635 660 678 718 sio
692 680 723 718 se
737 661 845 733 dicere,

55 755 145 812 videri
165 755 294 830 quaednm
316 755 447 826 honesta,
468 776 531 832 quae
552 776 610 815 nou
635 757 709 814 sint:
737 768 768 815 ut
788 758 876 816 hoen

54 852 146 928 ipsum
162 852 274 908 videtur
295 852 457 923 honesturn,
473 853 660 911 conservandi
678 852 846 930 jurisjuran-

56 947 85 1006 di
112 948 202 1006 oausd
223 949 257 1005 nd
280 949 441 1005 cruciatum
468 949 635 1018 revertisse;
663 951 713 1006 sed
734 951 766 1006 fit
785 968 844 1008 non

55 1043 219 1115 honesturn,
247 1045 324 1120 quia,
352 1045 427 1119 quod
454 1063 505 1120 per
533 1044 591 1101 viru
618 1045 744 1102 hostium
770 1055 846 1102 esset

55 1151 162 1212 notum,
177 1151 269 1198 ratum
291 1160 433 1199 essenon
454 1141 562 1199 debuit.
604 1140 726 1197 Addunt
747 1141 844 1212 etiem,

55 1237 194 1313 quidquid
208 1238 290 1294 valde
307 1238 378 1295 utile
392 1238 438 1310 sit,
453 1238 481 1294 id
497 1238 559 1294 fieri
580 1238 742 1307 honestum,
757 1236 844 1295 etiam
860 1246 890 1298 1⁰

54 1334 78 1392 ri
93 1346 179 1392 antea
192 1353 249 1391 non
264 1335 416 1392 videretur.
468 1333 542 1392 Hoee
557 1335 615 1391 fere
630 1345 733 1394 eontra
745 1333 845 1411 Regu·

54 1430 123 1488 lum.
165 1432 224 1488 Sed
238 1431 331 1506 prima
344 1431 499 1489 videamus.

92 1624 211 1682 XXIX.
239 1621 309 1681 Non
330 1624 384 1681 suit
404 1624 516 1700 Jupiter
536 1627 769 1698 metuendoque
789 1625 845 1684 ire·

53 1732 100 1779 tus
133 1730 268 1790 nocerem
306 1721 355 1795 qui
387 1740 482 1795 neque
515 1720 716 1795 immissore,
751 1738 844 1799 neque

53 1835 171 1875 nooere.
226 1815 300 1874 Haeo
320 1817 435 1892 quidem
456 1818 529 1876 ratio
549 1837 609 1876 non
629 1819 722 1896 magis
742 1827 845 1878 contre
858 1823 889 1874 15

54 1912 214 1990 Regulum,
251 1932 336 1988 quarn
373 1924 476 1971 eontra
511 1932 597 1971 omne
634 1915 843 1991 jusjurandum,

53 2009 138 2068 volet.
196 2009 265 2080 Sed,
294 2009 324 2066 in
354 2009 551 2086 jurejurando,
579 2029 638 2067 non
663 2010 713 2085 qui
740 2020 843 2082 metue,

53 2107 105 2166 eed
139 2125 204 2180 qum
231 2105 273 2162 vis
300 2106 346 2177 sit,
374 2107 460 2163 debet
494 2105 625 2181 intelligi.
680 2105 734 2162 Est
766 2105 844 2162 enim

51 2201 253 2279 jusjurandum
275 2202 424 2259 affirmatio
445 2200 587 2277 religiosa.
635 2197 727 2262 Quod
748 2210 845 2257 nutem

55 2299 204 2368 affirmate,
219 2298 299 2373 quasi
320 2299 385 2356 Deo
405 2309 487 2369 teste,
506 2296 681 2372 promiseris,
695 2295 725 2352 id
746 2305 845 2354 tenen·
857 2298 890 2352 tt

53 2395 123 2453 dum
137 2404 197 2451 est:
216 2395 276 2470 jam
297 2395 384 2466 enim,
399 2414 458 2451 uon
478 2393 513 2451 ad
534 2394 606 2451 iram
626 2393 845 2468 Domumque

54 2491 134 2548 nulla
154 2500 207 2560 est,
223 2491 273 2546 sed
295 2491 329 2547 ad
347 2489 487 2566 justitiam
501 2499 530 2546 et
545 2489 581 2547 ad
600 2489 696 2561 fidem,
710 2487 843 2565 pertinet,

54 2586 84 2643 N
87 2605 132 2644 am
146 2586 284 2662 praeolare
298 2587 428 2644 Ennius:

79 2738 95 2765 “
104 2735 128 2784 Ο
139 2733 216 2783 rides
227 2733 300 2796 ulmo,
311 2740 369 2797 eptn
380 2733 472 2796 pinnis,
482 2739 508 2782 et
518 2733 699 2799 Jusjurmdum
709 2732 779 2782 Jovis
788 2735 794 2779 Ξ
803 2731 818 2754 ”

52 2871 114 2937 Qui
135 2872 226 2950 igitur
250 2871 450 2948 jusjurandum
470 2870 567 2944 violet,
589 2872 613 2929 is
633 2871 724 2930 fidem
746 2869 908 2940 doraum

53 2987 139 3049 quern
154 2969 186 3027 in
199 2966 345 3046 Capitolio
355 2966 489 3030 'vicinam
509 2967 596 3031 louis
607 2960 886 3049 Optimum&

287 3069 328 3131 17
