1904 3750
83 193 141 250 192
418 205 460 249 nu
483 204 628 250 osricus.
822 200 917 261 [Lm

166 349 311 408 XXVIII.
340 349 510 408 Pervertunt
538 351 668 408 homines
691 369 735 422 ea,
758 370 821 425 quae
849 360 915 407 sunt

127 446 313 504 fundamenta
332 458 452 518 nature,
467 467 534 505 cum
551 448 702 504 utilitatem
718 448 753 505 ab
767 447 915 505 honestate

126 544 289 620 sejungunt.
341 543 451 600 Omnes
472 544 549 601 enim
571 544 730 619 expetimus
752 538 914 615 utilitatem,

127 641 160 696 ud
176 658 298 714 eamque
311 640 454 715 rapimur;
475 659 531 696 nec
546 641 641 697 facere
657 640 738 696 aliter
752 640 812 697 ullo
829 641 915 697 modo

94 745 291 811 opossumus:
313 755 378 794 nam
400 737 465 812 quis
485 747 537 808 est,
558 736 606 812 qui
627 736 709 793 utilia
731 737 841 813 fugiatl
867 746 915 795 aut

124 832 189 907 quis
208 834 313 909 potius,
328 834 376 910 qui
398 853 433 891 ea
452 853 510 890 non
532 833 740 889 studiosissime
764 853 915 909 persequa-

124 931 191 986 turl
246 930 314 1002 Sed,
343 931 411 1005 quia
438 948 577 1003 nusquam
610 947 772 1004 possumus,
800 929 856 986 nisi
884 929 914 987 in

124 1025 220 1098 laude,
241 1027 357 1098 decore,
386 1027 546 1096 honestate,
568 1025 651 1081 utilia
677 1025 812 1099 reperire,
834 1044 915 1100 prop·

124 1132 203 1180 terea
230 1123 280 1181 illa
302 1123 393 1199 prima
412 1134 441 1179 et
462 1141 573 1178 summa
600 1122 754 1190 habemus3
782 1120 914 1177 utilitatis

78 1226 109 1274 10
124 1238 230 1276 nomen
250 1239 308 1276 non
329 1229 387 1276 tam
410 1218 590 1294 splendidum
611 1235 696 1291 quam
719 1216 915 1274 necessarium

124 1315 266 1372 ducimus.

162 1411 245 1473 Quid
260 1421 303 1466 est
319 1411 405 1486 igitur
421 1409 539 1486 (dixerit
559 1409 636 1488 quis)
658 1408 688 1465 in
706 1409 914 1485 jurejurandol

123 1527 192 1564 num
214 1507 318 1563 iratum
340 1507 474 1563 timemus
496 1505 618 1562 Joveml
659 1506 701 1562 At
722 1508 777 1564 hoc
797 1506 913 1581 quidem

123 1622 277 1660 commune
298 1614 340 1659 est
361 1603 490 1659 omnium
518 1602 764 1678 philosophorum,
786 1622 845 1659 non
867 1622 914 1661 eo·

77 1719 107 1766 15
124 1719 186 1756 rum
208 1700 304 1770 modo,
320 1699 368 1773 qui
389 1699 483 1756 Deum
499 1699 570 1755 nihil
588 1699 694 1755 habere
715 1700 807 1774 ipsum
829 1719 916 1776 nego-

123 1797 156 1853 tii
178 1796 288 1867 dicunt,
310 1806 338 1852 et
360 1796 430 1852 nihil
459 1796 594 1851 exhibere
623 1795 714 1865 alteri,
735 1796 785 1851 sed
813 1814 914 1852 eorum

123 1893 220 1963 etiam,
235 1892 284 1967 qui
299 1893 395 1949 Deum
416 1911 527 1966 semper
550 1910 634 1967 agere
654 1892 761 1965 aliquid
775 1902 805 1948 et
819 1892 913 1949 moliri

123 1990 232 2060 volunt,
248 2009 393 2063 nunquam
415 2008 470 2044 nec
492 1989 576 2044 irasci
600 1988 705 2058 Deum,
721 2008 776 2046 nec
797 2007 912 2045 nocere.

122 2087 204 2149 Quid
220 2097 315 2143 autem
331 2087 420 2142 iratus
435 2085 547 2160 Jupiter
563 2085 628 2160 plus
643 2104 749 2141 nocere
763 2086 913 2160 potuisset,

74 2207 105 2255 20
123 2203 208 2258 quam
229 2183 330 2240 nocuit
351 2183 405 2238 sibi
427 2183 487 2257 ipse
508 2181 661 2257 Regulusl
717 2180 805 2238 Nulla
827 2182 915 2258 igitur

123 2281 164 2336 vis
193 2280 245 2336 fuit
272 2279 430 2355 religionis
453 2298 515 2351 quae
542 2287 650 2334 tantam
679 2278 831 2334 utilitatem
852 2297 915 2355 per·

122 2386 252 2432 verteret.
304 2376 363 2445 An,
388 2394 423 2430 ne
449 2374 568 2447 turpiter
596 2373 723 2430 faceretl
774 2374 913 2446 Primum,

122 2472 241 2528 minima
268 2472 304 2527 de
332 2471 422 2527 malie.
478 2469 558 2525 Num
586 2469 672 2545 igitur
699 2480 809 2526 tantum
846 2472 913 2529 mali

121 2569 268 2643 turpitudo
289 2568 343 2624 ista
364 2567 496 2636 habebat,
517 2578 655 2640 quantum
677 2566 724 2623 ille
746 2567 914 2625 cruciatusl

73 2677 104 2726 25
122 2665 236 2722 Deinde
252 2664 320 2721 illud
336 2663 422 2720 etiam
439 2663 512 2737 apud
528 2663 653 2734 Attium,

151 2819 283 2884 “Fregisti
300 2818 383 2866 fldem.
417 2817 504 2881 Neque
521 2817 588 2879 dedi,
599 2833 679 2881 neque
696 2817 736 2879 do,
749 2816 844 2866 infideli
861 2819 914 2868 cui-

201 2899 307 2967 quam‚”
