1904 3750
118 641 160 699 52
461 653 504 700 nn
522 651 667 700 osricus.
880 653 946 715 [rar

165 808 229 857 rent
248 799 356 857 utiliter
375 818 391 857 a
407 800 512 858 naturt
524 798 629 858 datam.
669 798 724 857 Illa
737 818 803 858 vero
816 799 943 857 omnibus

165 895 196 954 in
217 896 302 953 rebus
328 896 507 971 repudianda
531 908 591 965 est3
622 896 846 971 optandumque,
867 905 898 953 ut
919 895 940 953 ii

165 991 214 1066 qui
227 1001 354 1068 presunt
366 992 544 1067 reipublicae,
557 992 655 1068 legum
674 992 781 1049 similes
795 992 862 1063 sint,
877 1011 940 1066 quas

168 1088 203 1144 sd
231 1087 419 1162 puniendum,
447 1106 506 1145 nou
533 1087 693 1160 iracundie,
721 1088 772 1147 sed
806 1089 938 1164 aequitate

135 1183 319 1242 5ducuutur.
628 1178 630 1183 ’

204 1373 318 1432 XXVI.
348 1375 446 1449 Atque
460 1374 547 1432 etiam
561 1374 592 1431 iu
605 1375 691 1432 rebus
703 1374 857 1451 prosperis,
872 1386 901 1433 et
915 1395 933 1434 a

164 1470 342 1528 voluntatem
361 1481 487 1529 nostram
508 1469 673 1542 fluentibus,
701 1472 873 1546 superbiam,
898 1471 931 1530 fat

165 1565 279 1639 tidium,
308 1567 566 1644 arrogantiamque,
593 1583 766 1643 magnopere
799 1567 929 1645 fugiamu

165 1660 253 1734 Nam,
269 1671 300 1718 ut
315 1663 446 1719 adversas
466 1680 521 1733 res,
535 1661 579 1718 sic
598 1663 751 1734 secundas,
766 1663 928 1721 immoderat

121 1769 151 1819 10
166 1757 250 1829 ferre,
271 1758 395 1815 levitatis
414 1767 474 1816 est:
498 1757 691 1833 praeclaraque
711 1768 755 1816 est
775 1758 926 1833 equabitiu

165 1852 196 1911 iu
216 1853 295 1910 omni
315 1853 383 1923 viat,
398 1860 427 1909 et
447 1852 523 1910 idem
543 1871 655 1928 semper
675 1853 779 1925 vultus,
794 1854 925 1929 eademqr

166 1947 260 2017 frons;
282 1957 314 2004 ut
328 1949 364 2004 de
386 1948 515 2020 Socrate,
530 1948 599 2006 item
618 1949 654 2005 de
676 1949 710 2006 C.
726 1949 825 2022 Laelio,
840 1968 923 2025 accep

165 2061 237 2101 mus.
279 2042 444 2118 Philippum
473 2044 598 2118 quidem,
620 2042 815 2102 Macedonum
843 2064 923 2122 reges

165 2139 250 2196 rebus
264 2139 352 2216 gestis
365 2149 395 2196 et
415 2140 507 2216 gloriis
521 2150 685 2216 superatum
700 2160 716 2198 a
729 2141 799 2213 lilio,
814 2141 920 2199 facilita

121 2247 151 2295 15
166 2244 195 2292 et
215 2235 394 2292 humanitate
410 2236 494 2292 video
515 2237 691 2312 superiorem
712 2237 808 2295 fuisse.
849 2237 918 2312 Itaqr

167 2331 238 2388 alter
268 2350 378 2408 semper
405 2351 537 2409 magnus,
562 2332 633 2390 alter
663 2352 738 2409 saepe
771 2334 916 2409 turpissim

166 2426 238 2484 suit:
259 2437 291 2485 ut
310 2438 389 2486 recte
408 2428 564 2505 praecipere
578 2428 738 2501 videantur,
752 2429 801 2504 qui
821 2448 915 2487 monet

165 2533 207 2593 ut,
221 2533 327 2599 quanto
347 2525 510 2600 superiores
530 2525 629 2596 simus,
644 2536 724 2583 tanto
745 2544 798 2582 nos
818 2545 913 2603 geram

166 2619 343 2678 submissius.
384 2620 529 2679 Panaetius
547 2621 661 2696 quidem
676 2621 858 2693 Africanum,
874 2641 912 2679 au

119 2725 151 2774 20
165 2725 255 2773 torem
276 2727 304 2773 et
327 2716 496 2774 familiarem
517 2736 611 2788 suum,
630 2717 754 2788 solitum,
775 2717 823 2788 ait,
842 2717 908 2775 dice

165 2822 196 2869 ut
210 2831 309 2887 equos,
317 2822 433 2888 propter
447 2814 563 2870 crebras
574 2813 775 2870 contentiones
785 2813 909 2889 proelion

165 2907 312 2964 ferocitate
340 2909 524 2979 exsultantes,
550 2909 738 2966 domitoribus
765 2909 878 2968 tradere

164 3002 251 3074 leant,
264 3013 294 3060 ut
308 3003 353 3060 his
364 3003 540 3061 facilioribus
550 3004 661 3079 possint
676 3005 733 3074 uti;
755 3004 799 3062 sic
809 3005 905 3063 homin

164 3098 301 3155 secundis
325 3099 410 3156 rebus
433 3100 596 3171 effrenatos,
622 3101 734 3175 sibique
757 3101 905 3174 praefident

119 3203 300 3272 25tanquam
324 3194 354 3251 in
381 3214 482 3271 gyrum
506 3196 626 3252 rationis
654 3206 683 3253 et
710 3196 850 3255 doctrine
879 3197 903 3254 dr

162 3299 304 3360 oportere,
319 3299 351 3346 ut
363 3289 558 3365 perspicerent
577 3308 672 3348 rerum
690 3291 880 3352 humanarum
898 3292 902 3351 3

143 3377 356 3455 hostilitatem,
372 3385 600 3464 varietatemque
611 3387 742 3449 tonnae.
