1904 3750
91 209 147 268 178
420 221 462 268 nu
484 220 629 266 osricus,
824 212 918 276 [nm.

134 367 205 424 situs
226 367 338 443 injurii.
378 369 461 430 Quid
482 371 571 446 ergo?
593 369 640 425 hic
661 385 720 424 non
740 373 853 434 noceat,
869 363 917 437 qui

133 464 258 538 quodam
278 464 359 538 quasi
373 484 484 522 veneno
496 465 634 540 perficiat,
650 474 680 521 ut
694 480 775 519 veros
789 460 918 518 heredes

133 570 257 631 moveat,
279 559 308 617 in
329 579 427 618 eorum
448 562 543 617 locum
566 560 626 635 ipse
646 558 803 615 succedatl
848 556 918 613 Non

134 654 221 731 igitur
242 656 338 728 faciat,
355 655 471 734 (dixerit
492 657 568 734 quis)
587 655 662 731 quod
685 654 754 712 utile
774 653 820 725 sit,
842 652 918 727 quod

104 752 286 826 ficxpediatl
326 751 419 810 Immo
440 752 589 828 intelligat,
606 750 677 808 nihil
698 768 754 807 nec
773 749 918 824 expedire,

133 864 190 904 nec
210 848 280 905 utile
300 867 373 919 esse,
387 848 463 924 quod
478 848 515 905 sit
528 848 673 923 injustum.
715 845 783 903 Hoc
796 845 845 920 qui
860 863 918 901 non

134 941 278 1014 didicerit,
293 943 385 1001 bonus
398 944 440 1000 vir
454 962 516 1000 esse
528 961 587 999 non
601 941 715 1017 poterit.

174 1038 332 1096 Fimbriam
367 1040 555 1110 consularem,
586 1038 736 1095 audiebam
769 1037 805 1093 de
837 1046 920 1111 patre

136 1143 233 1192 nostro
252 1153 333 1210 puer,
345 1134 472 1211 judicem
493 1134 534 1191 M.
549 1133 667 1191 Lutatio
679 1131 802 1188 Pinthiae
821 1131 920 1201 luisse,

92 1247 122 1296 10
136 1230 225 1304 equiti
239 1230 375 1287 Romano
389 1249 458 1287 sane
472 1229 602 1301 honesto,
618 1247 683 1286 curn
698 1228 723 1285 is
736 1227 920 1303 sponsionem

137 1324 263 1397 lecisset,
278 1332 297 1359 “
307 1325 337 1382 ni
352 1325 444 1383 bonus
465 1325 506 1381 vir
527 1327 640 1381 asset:”
663 1324 759 1398 itaque
772 1322 799 1378 ei
814 1321 921 1379 dixisse

137 1420 304 1491 Fimbriam,
319 1440 349 1477 se
367 1421 443 1477 illam
464 1439 524 1476 rem
544 1438 690 1493 nunquam
708 1419 919 1495 judicaturum

136 1533 174 1571 ne
202 1526 250 1573 aut
276 1516 410 1590 spoliaret
438 1515 513 1571 sauri
539 1516 690 1589 probatum
718 1514 873 1586 hominem,
896 1514 919 1570 si

137 1620 238 1667 contra
255 1611 428 1686 judicassem
451 1621 499 1667 aut
515 1611 647 1668 statuisse
661 1611 814 1680 videretur,
829 1611 920 1666 virum

92 1722 123 1771 15
137 1703 243 1761 bonum
259 1705 380 1778 aliquem
395 1723 467 1775 esse,
479 1723 545 1760 cum
557 1723 591 1761 ea
604 1723 650 1761 res
665 1704 922 1761 innumerabilibus

137 1799 239 1856 officiis
266 1810 296 1856 et
322 1800 454 1856 laudibus
481 1800 684 1858 contineretur.
726 1799 805 1856 Huic
835 1800 921 1874 igitur

136 1895 198 1951 viro
224 1897 309 1966 bono,
338 1913 422 1969 quem
457 1895 585 1952 Fimbria
618 1896 714 1966 etiam,
742 1915 801 1952 non
836 1896 923 1952 modo

138 1992 283 2063 Socrates,
311 2002 438 2062 noverat,
472 1991 551 2048 nullo
584 1992 672 2048 modo
704 1992 794 2048 videri
827 2001 922 2067 potest

137 2087 292 2162 quidquam
317 2106 379 2143 esse
403 2087 483 2158 utile,
508 2087 584 2160 quod
611 2106 670 2144 uon
697 2087 848 2143 honestum
876 2088 921 2143 sit.

92 2200 124 2250 20
138 2181 239 2258 Itaque
253 2183 318 2240 talis
332 2184 374 2239 vir
388 2202 445 2239 non
460 2183 545 2239 modo
559 2182 663 2253 facere,
679 2182 728 2238 sed
743 2201 779 2239 ne
794 2184 924 2259 cogitare

138 2279 253 2353 quidem
280 2279 433 2354 quidquam
463 2278 587 2348 audebit,
615 2278 692 2352 quod
725 2297 782 2334 non
819 2279 923 2334 audeat

137 2376 302 2450 praedicare.
358 2373 440 2445 Haec,
469 2393 565 2431 nonne
599 2385 642 2431 est
670 2384 762 2447 turpe,
785 2374 923 2431 dubitare

137 2470 330 2545 philosophos,
356 2488 417 2542 quae
442 2488 478 2524 ne
502 2468 602 2524 rustici
629 2468 743 2542 quidem
770 2468 924 2526 dubitent?

140 2565 275 2639 aquibus
296 2574 393 2620 natum
414 2575 457 2620 est
478 2565 516 2634 id,
533 2564 607 2637 quod
626 2563 684 2639 jam
705 2564 858 2619 contritum
880 2575 924 2621 est

93 2681 125 2730 25
139 2671 278 2717 vetustate
298 2659 494 2735 proverbium:
516 2678 582 2715 cum
604 2658 680 2715 enim
701 2658 785 2714 fidem
802 2658 924 2734 alicujus

139 2757 352 2830 bonitatemque
366 2755 493 2826 laudant,
504 2755 623 2832 dignum
637 2773 700 2811 esse
714 2753 824 2824 dicunt,
837 2755 924 2828 “qui-

132 2869 202 2910 cum
220 2852 250 2909 in
270 2850 397 2910 tenebris
416 2850 534 2908 mices.''
577 2849 642 2907 Hoc
655 2868 739 2924 quam
755 2849 840 2906 habet
855 2851 923 2920 vim,

122 2945 186 3006 nisi
214 2948 310 3024 illam,
340 2947 415 3009 nihil
450 2947 597 3028 expedire,
620 2945 698 3025 quad
720 2964 781 3007 nou
811 2946 925 3018 deceat,

131 3222 289 3259 A
