1904 3750
93 652 149 730 1'32‘
423 681 467 729 m:
489 681 633 731 omens.
839 680 878 741 [t.
889 680 922 727 11.

116 828 255 901 ‘minima
274 829 408 906 suspicio.
450 835 468 863 ‘⁶
478 829 624 902 Utinam‚”
640 827 733 904 inquit
751 825 785 885 Ο.
799 825 926 884 Pontius

136 926 260 998 Samnis,
272 930 291 959 “
300 927 335 984 ad
350 927 398 984 illa
411 937 540 1002 tempcra
552 944 599 982 me
613 926 728 983 fortuna
737 923 924 994 reservisset,

135 1032 164 1079 et
183 1032 244 1079 tum
271 1041 362 1079 essem
389 1032 482 1093 natus,
504 1020 662 1098 siquando
693 1018 823 1078 Romani
843 1020 921 1078 dona

135 1119 266 1194 accipere
288 1117 457 1193 coepissent!
486 1136 545 1175 non
572 1135 664 1174 essem
692 1136 791 1192 passus
812 1116 926 1174 diutine

103 1218 184 1271 5e0s
211 1215 378 1291 imperare.”
420 1213 484 1285 Nae,
507 1214 547 1270 illi
567 1213 657 1270 multa
678 1213 784 1269 saecula
804 1231 929 1288 exspec-

133 1311 221 1368 tanda
241 1311 371 1368 suerunt:
396 1310 482 1367 modo
502 1310 580 1366 enim
600 1310 657 1366 hoc
677 1308 784 1365 malum
798 1308 829 1366 in
844 1309 929 1367 hanc:

132 1407 337 1482 rempublicam
362 1406 481 1464 invasit:
509 1405 606 1480 itaque
629 1404 714 1463 facile
739 1399 831 1480 patior
858 1415 919 1462 tum

132 1504 229 1579 potius
248 1503 382 1560 Pontium
403 1503 499 1574 luisse,
520 1502 660 1577 siquidem
681 1501 711 1558 in
736 1501 784 1559 illc
807 1512 919 1560 tantum

134 1599 187 1658 suit
210 1599 328 1659 roboris.
370 1599 508 1656 Nondum
532 1608 649 1656 centum
672 1609 701 1654 et
725 1597 824 1654 decem
850 1597 919 1655 anni

88 1705 209 1767 losum,
231 1716 297 1754 cum
322 1697 358 1752 de
381 1695 512 1770 pecuniis
536 1693 700 1770 repetundis
721 1713 738 1751 a
757 1693 791 1750 L.
812 1693 921 1751 Pisone

132 1792 190 1850 lata
210 1803 253 1849 est
273 1793 328 1864 lex,
350 1790 429 1848 nulla
450 1801 534 1847 antea
554 1809 619 1848 cum
641 1791 748 1847 fuisset.
790 1790 830 1846 At
849 1809 923 1848 vero

132 1901 230 1963 postea
249 1898 289 1945 tot
309 1888 398 1963 legen,
419 1897 447 1943 et
467 1886 603 1962 proximae
630 1905 750 1960 quaeque
771 1886 916 1957 duriores;

133 1994 173 2041 tot
200 1985 251 2054 rei,
277 1993 317 2041 tot
344 1983 487 2052 damnati;
517 1992 630 2039 tantum
653 1982 787 2039 Italicum
812 1983 918 2040 bellum

132 2090 245 2155 propter
275 2079 450 2155 judiciorum
483 2089 591 2135 metum
620 2078 792 2148 excitatum;
826 2089 916 2151 tanta,

86 2179 118 2228 15
133 2175 251 2231 sublatis
271 2160 382 2251 legibus
400 2185 430 2231 et
446 2173 573 2249 judiciis,
588 2174 724 2248 expilatio
738 2174 923 2249 direptioque>

132 2269 286 2337 sociorum,
308 2280 338 2326 ut
359 2269 556 2326 imbecillitate
584 2268 714 2340 aliorum,
735 2287 794 2324 non
819 2269 918 2326 nostri

132 2366 244 2434 virtute,
259 2367 411 2423 valeamus.

171 2559 273 2618 XXII.
308 2560 420 2617 Laudat
454 2559 626 2616 Africanum
659 2559 813 2631 Panaetius,
841 2559 917 2635 quod

133 2657 218 2714 suerit
241 2657 393 2714 abstinens.
441 2656 524 2718 Quid
546 2656 576 2712 ni
597 2655 714 2713 laudetl
745 2655 794 2711 sed
818 2656 847 2712 in
871 2656 918 2713 illo

85 2757 117 2805 20
133 2753 188 2809 alia
208 2753 321 2828 majora.
363 2753 440 2810 Laus
462 2752 639 2809 abstinentiae
660 2771 718 2808 non
735 2751 860 2808 hominis
874 2761 918 2808 est

132 2849 235 2920 solum,
263 2850 312 2906 sed
339 2849 426 2905 etiam
459 2859 620 2923 temporum
653 2847 773 2904 illorum.
828 2846 916 2904 Omni

132 2943 327 3001 Macedonum
347 2946 430 3020 gazzi,
445 2963 508 3019 quae
530 2944 583 3002 suit
603 2943 735 3014 maxima,
750 2943 858 3018 potitus
874 2953 918 3000 est

132 3040 255 3097 Paulus:
277 3050 386 3097 tantum
408 3041 437 3097 in
459 3042 589 3098 erarium
610 3039 740 3115 pecuniae
754 3038 871 3109 invexit,
886 3049 918 3096 ut

133 3137 218 3193 unius
239 3137 417 3212 imperatoris
436 3137 533 3211 praeda
552 3136 638 3193 linem
659 3135 785 3192 attulerit
798 3135 916 3193 tributo·

87 3236 118 3285 25
133 3249 204 3289 rum.
246 3232 286 3289 At
300 3232 348 3289 hic
362 3232 432 3288 nihil
447 3233 563 3289 domum
582 3251 672 3302 suam,
687 3241 789 3306 praeter
811 3249 913 3288 memc

123 3326 200 3382 tiam
227 3328 357 3386 nominis
383 3328 595 3404 sempiternam,
623 3327 734 3385 detulit.
784 3327 911 3385 Imitatus

106 3428 232 3489 Patrem
247 3425 427 3503 Africanus,
441 3426 535 3487 nihilo
551 3424 721 3504 lccnnletici
741 3423 909 3502 Carthagini
