1934 3398
84 187 143 251 ut
424 196 467 244 nu
489 196 634 243 osricus.
835 197 920 258 [nn.

129 346 311 425 contigisse),
334 358 383 404 ant
404 347 499 422 aliquo
520 365 589 403 casu
615 356 700 421 atque
727 345 857 416 senonim
886 347 918 404 in

127 443 207 500 hunc
220 443 298 500 oculi
319 444 448 501 omnium
463 443 673 519 conjiciuntur;
696 452 781 519 atque
795 443 824 500 in
839 463 918 516 eum,

127 539 196 614 quid
219 549 293 616 agat,
314 540 555 615 quemadmodum
576 540 660 611 vivat,
683 539 853 615 inquiritur:
878 553 918 613 et,

127 645 264 712 tauquam
285 637 315 694 in
336 636 495 694 clarissimi
516 637 581 693 loce
595 647 733 709 versetur,
748 637 789 696 ita
806 639 920 697 nullum

98 733 283 792 oobscurum
309 744 403 810 potest
436 753 492 791 nec
526 734 636 790 dictum
670 734 733 810 ejus
759 754 835 806 esse,
863 755 920 794 nec

128 830 245 890 factum.
285 831 421 893 Quorum
450 841 543 889 autem
574 831 668 906 prima
695 841 774 902 retas,
801 844 920 909 propter

127 927 319 986 humilitatem
340 938 369 985 et
388 929 602 998 obscuritatem,
618 927 647 983 in
668 927 817 985 hominum
839 930 921 1007 igno·

128 1025 240 1083 ratione
266 1036 410 1095 versatur;
445 1025 485 1096 hi,
515 1023 599 1081 simul
635 1043 670 1081 ac
700 1024 822 1100 juvenes
855 1046 920 1084 esse

129 1133 288 1199 coeperunt,
299 1142 405 1199 magna
418 1131 557 1197 spectare,
572 1132 601 1176 et
617 1121 652 1177 ad
667 1121 802 1179 carectis
816 1123 920 1180 studiis

84 1225 116 1276 to
130 1220 236 1277 debent
267 1219 459 1277 contendere:
494 1217 570 1292 quod
598 1236 634 1273 eo
660 1217 786 1275 firmiore
820 1219 919 1277 animo

130 1316 248 1387 facient,
262 1315 329 1391 quia
348 1334 405 1371 non
427 1314 513 1370 modo
533 1333 591 1370 non
613 1313 756 1372 invidetur
774 1314 815 1371 illi
830 1316 918 1387 aetati,

129 1412 327 1469 verumetiam
344 1411 461 1467 favetur.

168 1507 267 1564 Prima
287 1507 372 1583 igitur
392 1516 435 1564 est
457 1507 633 1564 adolescenti
655 1506 869 1566 commendatio
884 1510 920 1566 ad

128 1603 259 1680 gloriam,
287 1604 311 1660 si
339 1623 396 1678 qua
428 1624 463 1663 ex
493 1604 604 1661 bellicis
638 1605 724 1661 rebus
758 1607 919 1681 comparari

84 1717 115 1767 15
128 1709 239 1775 potest;
275 1700 304 1756 in
338 1700 394 1775 qud
427 1700 509 1757 multi
545 1701 619 1775 apud
653 1702 776 1776 majores
806 1713 920 1759 nostros

129 1795 315 1853 exstiterunt:
338 1816 447 1872 semper
469 1797 545 1853 euim
567 1797 626 1854 fere
641 1797 716 1854 bella
736 1799 918 1874 gerebantur.

129 1891 198 1950 Tua
225 1903 318 1950 autem
347 1903 415 1950 aetas
448 1888 550 1950 incidit
577 1894 607 1950 in
635 1894 664 1950 id
692 1894 808 1965 bellum,
836 1897 921 1972 cujus

130 1989 219 2046 altera
237 2009 304 2065 pars
324 1989 442 2047 sceleris
463 1990 582 2047 nimium
600 1990 709 2061 habuit,
727 1991 815 2047 altera
829 1991 922 2049 felici-

128 2087 196 2144 tatis
210 2107 319 2162 parum,
359 2086 430 2148 Quo
451 2097 545 2144 tamen
565 2087 593 2143 in
609 2087 694 2157 bello,
710 2097 819 2144 comte
835 2087 921 2145 Pom·

82 2183 212 2259 gopeius
237 2183 288 2240 alae
315 2184 398 2241 alteri
424 2184 765 2260 p1·aefecisset,magnam
792 2184 919 2256 laudem,

128 2290 158 2338 et
179 2299 196 2338 a
214 2299 326 2338 summo
346 2281 406 2337 viro
427 2291 456 2337 et
477 2280 512 2337 ab
533 2280 671 2350 exercitu,
693 2283 919 2355 consequebare,

128 2377 295 2453 equitando,
313 2378 479 2453 jaculando,
495 2377 573 2434 omni
595 2377 710 2434 militari
731 2377 829 2434 labore
850 2379 921 2435 tole·

129 2473 227 2531 rande.
269 2473 366 2549 Atque
386 2493 421 2530 ea
441 2474 556 2549 quidem
577 2487 627 2530 tua
646 2474 709 2531 laus
728 2474 834 2549 pariter
851 2493 920 2532 cum

128 2568 278 2645 republicd
299 2569 422 2627 cecidit:
449 2570 521 2629 mihi
543 2580 638 2627 cutem
662 2571 725 2627 liaec
746 2570 839 2627 oratio
860 2589 921 2630 sus·

82 2665 115 2717 m
129 2675 213 2741 cepta
232 2684 291 2723 non
307 2666 342 2722 do
356 2675 385 2722 te
399 2675 452 2736 est,
467 2666 517 2723 sed
538 2667 574 2723 de
595 2684 701 2744 genere
721 2677 800 2724 toto:
823 2685 922 2741 quam·

128 2762 227 2820 obrem
242 2781 394 2840 pergamus
410 2763 444 2820 ad
459 2782 503 2834 ea,
518 2783 581 2838 quae
595 2773 711 2821 restant.

167 2857 207 2917 Ut
221 2859 318 2937 igitur,
333 2859 363 2916 in
377 2859 495 2935 reliquis
508 2861 605 2933 rebus,
620 2861 711 2918 multo
729 2861 839 2937 majora
852 2873 922 2922 sunt

128 2970 216 3030 opera
235 2955 334 3028 animi,
355 2973 442 3031 quam
462 2956 607 3033 corporis;
635 2957 678 3015 sic
705 2957 749 3016 he
770 2976 826 3031 res,
848 2977 923 3034 quas
