1904 3750
69 258 111 320 oo
267 268 405 330 meros,
426 269 501 317 srva
523 269 566 316 nn
586 267 744 317 mrcrru.

115 416 209 493 posita
224 435 283 475 non
299 427 357 476 tam
376 417 407 475 in
423 417 528 477 nostris
544 416 684 488 consiliis,
699 434 784 491 quarn
800 414 830 473 in
846 415 904 473 for·

115 523 193 571 tunae
206 514 375 573 temeritate.
408 513 471 576 Qui
487 524 582 572 autem
596 513 626 572 in
640 512 745 570 virtute
759 529 903 570 summum

116 609 223 667 bonurn
243 619 363 685 ponunt,
382 611 520 686 preclare
541 609 583 668 illi
603 608 742 684 quidem:
770 607 820 667 sed
840 608 904 666 haee

116 705 178 781 ipsa
191 703 280 762 virtus
295 705 450 764 amicitiam
466 716 496 762 et
509 692 612 783 gignit,
626 714 657 762 et
670 705 816 774 continet;
837 722 904 776 noo,

84 810 101 860 5
116 801 178 858 sine
191 801 306 873 virtute,
321 801 450 859 amicitia
462 820 526 859 esse
539 801 599 859 ullo
612 811 699 877 pacto
712 810 815 876 potest.

154 896 221 954 Jarn
242 897 375 955 virtutem
395 916 431 955 ex
451 898 661 956 consuetudine
675 897 739 955 vita
753 897 905 955 sermonis·

115 1011 172 1067 que
191 994 282 1051 nostri
303 995 543 1070 interpretemur;
565 1012 621 1051 neo
640 1011 715 1064 eam,
736 1003 768 1050 ut
788 993 905 1068 qnidam

116 1089 204 1162 docti,
225 1091 375 1150 verborum
395 1090 611 1168 magnificentia
628 1089 796 1148 metiamur:
818 1089 906 1147 viros·

116 1204 172 1261 que
187 1187 278 1245 bonos
292 1206 351 1259 eos,
361 1188 410 1262 qui
425 1189 576 1259 habentur,
585 1186 904 1258 numeremus,Paulos,

71 1290 101 1340 to
116 1282 252 1356 Catones,
277 1284 386 1355 Gallos,
411 1284 574 1360 Scipiones,
598 1283 704 1341 Philos.
747 1281 803 1340 His
827 1300 906 1340 oom-

115 1380 212 1437 munis
231 1381 289 1438 vita
309 1390 445 1438 contenta
464 1390 526 1438 est:
547 1398 599 1437 eos
619 1390 714 1437 autenr
728 1379 904 1450 omittamus,

115 1476 165 1550 qui
186 1477 305 1534 omnino
320 1495 461 1550 nusquam
475 1475 665 1551 reperiuntur.
706 1475 796 1533 Tales
817 1475 905 1553 igitur

116 1571 282 1629 interritos
302 1571 429 1629 amicitia
448 1581 542 1629 tantas
563 1571 791 1647 opportunitates
807 1571 904 1643 habet,

116 1677 236 1740 quantas
251 1667 297 1723 vix
313 1686 387 1742 queo
402 1667 507 1725 dicere.

72 1771 100 1819 15
154 1762 312 1838 Principio,
325 1763 372 1819 oui
386 1773 480 1838 potest
494 1782 557 1819 esse
572 1763 657 1820 “vita
670 1764 787 1821 vitalis''
805 1763 852 1839 (ut
867 1764 905 1821 ait

115 1858 254 1939 Ennius),
275 1860 325 1934 qui
344 1879 404 1915 non
426 1861 454 1916 in
476 1860 562 1917 amici
582 1861 683 1918 mutui
703 1860 905 1918 benevolentifi

18 1984 25 2017 t
116 1955 323 2030 conquiescat
362 1956 445 2017 Quid
466 1957 591 2028 dulcius,
606 1976 691 2031 quam
712 1956 828 2027 habere,
844 1955 905 2030 qui·

116 2070 182 2108 oum
204 2052 301 2109 omnia
323 2053 428 2109 audeas
449 2053 491 2109 sio
511 2053 600 2127 loqui,
617 2063 649 2110 ut
668 2054 786 2110 tecum?
826 2052 904 2113 Quis

115 2160 189 2206 esset
216 2159 313 2206 tantus
341 2150 451 2206 fructus
485 2149 514 2205 in
547 2149 691 2224 prosperis
725 2149 819 2218 rebus,
848 2149 903 2205 nisi

68 2252 99 2300 20
115 2245 246 2317 haberes,
271 2247 319 2320 qui
344 2246 399 2302 iilis
424 2264 514 2320 aeque,
538 2264 571 2301 ac
595 2255 626 2302 tu
651 2245 721 2320 ipse,
745 2245 903 2322 gauderet?

114 2342 260 2399 Adversas
280 2360 348 2398 vero
373 2342 447 2398 serre
471 2342 588 2399 difficile
608 2355 693 2412 esset,
715 2341 778 2399 sine
798 2359 833 2397 eo
854 2341 903 2416 qui

115 2438 178 2494 illas
202 2438 317 2515 gravius
340 2439 436 2509 etiam,
460 2457 544 2512 quam
569 2448 610 2508 tu,
634 2438 727 2494 ferret.
769 2437 903 2512 Denique

115 2545 226 2592 oaeterae
253 2553 308 2605 res,
337 2553 401 2608 quae
428 2544 610 2609 expetuntur,
639 2544 806 2609 opportunae
836 2543 903 2590 sunt

115 2631 235 2707 singulte
255 2631 341 2687 rebus
362 2630 421 2688 sere
442 2631 581 2706 singulis3
613 2630 729 2700 divitiae,
751 2640 782 2686 ut
802 2642 902 2699 utare;

67 2742 99 2790 25
115 2745 194 2801 opes,
209 2737 240 2783 ut
255 2726 365 2796 colare3
387 2726 521 2797 honores,
536 2736 567 2784 ut
580 2726 711 2796 laudere;
732 2725 902 2800 voluptates,

115 2830 146 2876 ut
160 2823 305 2898 gaudeas;
327 2821 469 2893 valetudo,
482 2831 513 2878 ut
527 2821 626 2877 dolore
641 2840 750 2891 careas,
762 2830 790 2876 et
804 2838 904 2876 mune·

111 2915 193 2975 ribus
221 2918 341 2996 fungare
366 2917 511 2994 eorporis:
541 2917 668 2975 amicitia
694 2935 739 2973 res
764 2914 903 2991 plurimas

100 3017 261 3079 eontinet:
284 3035 407 3098 quoquo
426 3026 457 3076 te
476 3013 608 3089 verteris,
619 3023 724 3090 presto
741 3022 805 3068 est:
823 3011 903 3071 nullo
