1904 3750
359 273 402 320 nn
424 272 626 321 sannorum.
889 262 911 321 9

114 418 155 478 Π.
186 419 293 496 Scipio.
335 421 542 496 Saepenumero
557 419 692 479 admirari
706 419 786 479 soleo
797 436 865 478 cum

74 515 133 574 boo
144 514 178 574 0.
194 514 295 587 Laelio,
307 525 369 573 tum
383 526 553 574 ceterarum
567 534 664 573 rerum
678 526 757 574 tuam
771 514 866 574 excel-

73 613 192 684 lentem,
208 611 249 669 M.
266 611 350 684 Cato,
366 612 582 688 perfectamque
602 612 782 689 sapientiam,
803 622 865 669 tum
938 605 950 614 ”

74 708 120 766 vel
135 707 268 779 maxime,
283 709 361 782 quod
374 726 523 783 nunquam
537 718 716 765 senectutem
730 708 784 765 tibi
802 727 866 785 gra·

74 822 140 862 vem
163 823 227 860 esse
251 803 407 861 senserim:
423 823 487 879 quae
509 804 655 878 plerisque
679 805 797 864 senibus
821 804 894 869 sica

73 900 178 959 odiosa
207 910 260 972 est,
288 910 320 957 ut
347 918 421 957 onus
447 919 479 957 se
506 900 597 958 AEtni
624 901 740 978 gravius
764 901 865 959 dicant

73 997 225 1055 sustinere.

67 1131 69 1135 <
115 1093 197 1151 Cato.
239 1093 317 1150 Rem
341 1091 418 1149 haud
440 1111 510 1149 sane
534 1091 692 1164 difficilem,
714 1092 814 1168 Scipio
835 1102 865 1151 et

75 1189 157 1261 Laeli,
171 1189 305 1246 admirari
317 1189 462 1246 videmini.
496 1187 615 1249 Quibus
629 1188 707 1245 enim
717 1187 789 1247 nihil
801 1188 864 1264 opis

74 1295 119 1342 est
133 1285 163 1343 in
178 1286 247 1361 ipsis
261 1286 297 1343 ad
308 1286 382 1342 bene
397 1286 538 1359 beateque
548 1284 711 1356 vivendum,
723 1284 759 1343 iis
770 1284 864 1343 omnis
879 1290 910 1340 lo

74 1381 170 1459 gravis
183 1392 227 1439 est
241 1393 328 1440 aetas:
351 1381 401 1457 qui
416 1391 512 1439 autem
526 1381 625 1440 omnia
641 1381 719 1439 bona
733 1401 750 1439 a
763 1381 865 1457 seipsis

73 1488 185 1554 petunt,
198 1478 234 1536 iis
243 1478 316 1536 nihil
332 1488 427 1554 potest
437 1479 546 1536 malum
556 1477 657 1550 videri,
667 1477 744 1553 quod
754 1488 864 1539 naturae

74 1574 233 1633 necessitas
253 1576 359 1633 afferat.
399 1575 472 1638 Quo
486 1574 517 1635 in
530 1593 638 1652 genere
652 1575 682 1633 in
700 1574 802 1652 primia
821 1584 865 1633 est

73 1681 219 1744 senectus,
240 1689 327 1746 quam
348 1681 382 1729 ut
401 1671 607 1747 adipiscantur,
628 1690 729 1731 omnes
747 1682 863 1748 optant:

74 1769 197 1831 eandem
212 1778 351 1826 accusant
372 1768 469 1844 adepti
484 1787 490 1826 :
512 1778 593 1827 tanta
605 1778 649 1826 est
669 1767 866 1827 inconstantia
880 1777 911 1828 15

73 1864 214 1937 stultitiae,
230 1874 315 1940 atque
328 1865 508 1939 perversitas.

115 1959 274 2036 Obrepere,
291 1960 381 2032 aiunt,
402 1980 467 2019 eam
487 1960 575 2018 citius
599 1979 686 2035 quam
705 1960 863 2037 putassent.

74 2056 215 2129 Primum,
236 2056 302 2132 quis
329 2056 428 2134 coegit
455 2075 506 2114 eos
529 2056 633 2113 falsum
660 2058 784 2132 putarel
815 2056 865 2131 qui

73 2153 154 2212 euim
174 2153 261 2211 citius
283 2152 484 2211 adolescentiae
505 2161 650 2223 senectus,
665 2170 750 2226 quam
771 2152 866 2227 pueri-

76 2249 124 2307 tim
149 2249 354 2321 adolescentia,
374 2249 507 2325 obrepitl
547 2247 673 2319 Deinde,
695 2246 746 2322 qui
769 2247 866 2307 minus
880 2256 911 2307 20

73 2346 170 2423 gravis
199 2355 274 2403 esset
303 2345 339 2402 iis
366 2354 511 2417 senectus,
539 2343 563 2400 si
593 2343 867 2421 octingentesimum

77 2461 184 2500 annum
200 2452 327 2520 agerent,
343 2461 429 2517 quam
443 2441 675 2518 octogesimuml
716 2440 867 2498 Praeterita

73 2538 155 2596 enim
169 2549 248 2610 aetas,
269 2537 399 2612 quamvis
412 2537 510 2614 longa,
525 2554 593 2593 cum
607 2535 772 2607 effluxisset,
787 2534 867 2593 nulla

76 2634 276 2694 consolatione
302 2633 483 2709 permulcere
506 2642 605 2708 posset
626 2632 743 2690 stultam
768 2649 867 2689 senec-

73 2740 176 2791 tutem.
880 2745 912 2795 25

113 2827 277 2899 Quocirca,
289 2826 313 2883 si
324 2825 495 2901 sapientiam
505 2843 599 2882 meam
611 2823 746 2883 admirari
757 2823 866 2900 soletis,

77 2920 156 3000 (qua
169 2923 281 2982 utinam
295 2921 384 2999 digna
397 2930 473 2979 esset
486 2919 624 2996 opinione
636 2919 742 2992 vestri,
756 2930 868 2980 nostro·

71 3037 133 3094 qus
145 3018 321 3100 cognomine
331 3019 354 3102 1)
376 3018 408 3081 in
425 3018 487 3082 boc
510 3009 901 3097 sumussapiemesmpob
