1904 3750
80 197 137 256 lto
413 206 454 252 us
477 206 620 252 (inurens.
815 202 910 265 [nm.

125 353 272 431 exemplis,
300 354 330 410 in
357 354 460 429 quibus
486 354 602 429 peccari
629 351 731 429 vulgus
759 352 908 409 hominurn

125 450 245 507 fortasse
271 469 330 507 non
356 460 446 531 putat.
487 449 590 525 Neque
619 449 697 505 enim
723 448 760 504 de
786 448 909 519 sicariis,

124 545 269 617 veneficis,
290 546 520 617 testamentariis,
546 545 666 616 furibus,
687 545 910 620 peculatoribus,

124 640 181 699 boc
201 641 267 699 loco
287 641 484 699 disserendum
505 653 564 711 est;
585 641 634 717 qui
654 660 712 698 non
730 641 825 698 verbis
845 650 912 697 sunt

93 749 154 798 bet
177 736 380 813 disputatione
393 739 637 814 philosophorum,
662 737 713 794 sed
736 737 860 795 vinculis
882 746 913 794 et

125 851 252 905 carcere,
268 834 423 911 fatigandi:
447 835 497 891 sed
518 834 580 891 hoec
600 833 826 907 consideremus,
848 851 912 907 qua

125 929 236 987 faciunt
250 930 280 1000 ii,
296 930 344 1004 qui
359 930 500 987 habentur
514 929 589 988 boui.

164 1025 250 1084 Lucii
271 1025 395 1084 Minucii
416 1026 515 1098 Basili,
530 1026 683 1102 locupletis
703 1025 838 1096 hominis,
861 1025 913 1082 lal-

126 1141 190 1179 sum
216 1133 418 1180 testamentum
452 1123 567 1197 quidam
595 1123 752 1201 evGraecid
785 1121 911 1178 Romam

80 1228 111 1280 10
128 1220 298 1277 attulerunt:
323 1219 399 1294 quod
420 1237 477 1293 quo
497 1218 611 1276 facilius
631 1219 802 1289 obtinerent,
823 1217 912 1292 scrip-

127 1326 223 1372 serant
242 1315 370 1468 haehrffes
390 1333 487 1371 secum
509 1313 551 1371 M.
573 1314 708 1371 Crassum
729 1323 758 1370 et
777 1313 817 1374 Q.
837 1308 913 1369 Hor-

127 1408 260 1481 tensium,
313 1410 405 1466 mines
425 1409 553 1485 ejusdem
572 1409 663 1466 atatis
680 1408 911 1483 potentissimos;

127 1505 186 1580 qui,
212 1524 277 1562 cum
301 1506 371 1563 illud
394 1505 496 1562 fulsum
521 1523 584 1562 esse
610 1505 833 1580 suspicarentur,
857 1505 912 1561 sibi

128 1584 221 1658 autern
243 1601 350 1659 nullius
369 1611 465 1658 essent
486 1601 598 1658 conscii
619 1601 722 1677 culpae,
738 1601 823 1659 alieni
844 1601 913 1658 saci·

80 1713 111 1762 15
126 1696 205 1752 noris
232 1697 432 1753 munusculum
460 1716 519 1754 non
549 1698 778 1772 repudiaverunt.
829 1697 913 1759 Quid

127 1792 216 1868 ergol
243 1792 324 1848 satin'
347 1794 403 1850 hoc
424 1806 476 1864 est,
496 1805 528 1851 ut
548 1813 604 1851 non
625 1794 778 1868 deliquisse
800 1794 914 1852 videan-

126 1889 192 1945 turl
245 1887 320 1945 Mihi
354 1889 469 1962 quidem
501 1909 559 1946 non
585 1890 714 1958 videtur;
749 1909 913 1965 quanquam

129 1984 248 2041 alterum
264 1985 354 2042 amavi
368 1986 473 2058 vivum,
489 1986 608 2043 alterurn
623 2005 681 2043 uon
696 1986 744 2043 odi
760 1997 912 2044 mortuum.

129 2081 188 2139 Sed
216 2099 282 2138 curn
309 2081 422 2138 Basilus
449 2080 490 2138 M.
516 2082 653 2152 Satrium,
678 2083 785 2139 sororis
812 2083 913 2153 lilium,

80 2198 112 2246 m
128 2196 233 2235 nomen
261 2196 343 2235 suum
372 2178 445 2234 ferre
472 2178 617 2249 voluisset,
646 2197 767 2255 eumque
798 2179 914 2235 fecisset

128 2274 280 2344 haeredem,
295 2273 414 2330 “Hunc
434 2274 501 2331 dico
520 2285 669 2350 patronum
691 2276 751 2352 agri
770 2275 870 2332 Piceni
885 2286 914 2332 et

129 2369 258 2440 Sabini,’'
281 2368 313 2445 (o
333 2379 445 2444 turpem
466 2381 562 2428 notam
584 2381 744 2446 temporum
766 2371 912 2450 illoruml)

128 2484 196 2523 num
211 2476 272 2522 erat
286 2484 407 2540 aequum,
422 2466 566 2541 principes
580 2468 657 2523 cives
671 2486 730 2523 rem
746 2467 861 2538 habere,
879 2468 912 2523 ad

129 2563 255 2619 Satrium
276 2561 358 2633 nihil,
378 2571 481 2636 praeter
505 2580 621 2633 nomen,
641 2562 810 2638 pervenirel
865 2564 916 2620 Et·

81 2675 113 2724 ᾖ
128 2659 215 2729 enim,
241 2658 266 2714 si
289 2657 324 2728 is,
345 2656 394 2731 qui
417 2675 476 2713 non
500 2657 629 2715 defendit
653 2658 796 2734 injuriam,
821 2677 915 2734 neque

128 2752 274 2827 propulsat
298 2771 314 2808 a
338 2752 406 2822 suis,
431 2771 497 2809 cum
520 2763 624 2828 potest,
645 2753 750 2829 injuste
774 2752 844 2810 facit
868 2754 915 2831 (ut

120 2846 267 2922 inprime
284 2847 357 2907 libro
376 2847 523 2929 disserui),
538 2849 631 2924 qualis
649 2849 798 2907 habendus
817 2861 860 2907 est
879 2851 913 2921 is,

111 2941 163 3014 qm'
188 2963 252 3005 non
280 2945 373 3008 modo
396 2965 459 3009 non
478 2946 602 3026 repellit,
617 2946 670 3006 sed
689 2947 776 3004 etiam
801 2947 915 3023 adjuvat
