<?xml version="1.0" encoding="UTF-8"?>
<!DOCTYPE html PUBLIC "-//W3C//DTD XHTML 1.0 Transitional//EN"
    "http://www.w3.org/TR/xhtml1/DTD/xhtml1-transitional.dtd">
<html xmlns="http://www.w3.org/1999/xhtml" xml:lang="en" lang="en">
 <head>
  <title>
</title>
<meta http-equiv="Content-Type" content="text/html;charset=utf-8" />
  <meta name='ocr-system' content='tesseract 3.04.00' />
  <meta name='ocr-capabilities' content='ocr_page ocr_carea ocr_par ocr_line ocrx_word'/>
</head>
<body>
  <div class='ocr_page' id='page_1' title='image "./mtciceronisdeof00dillgoog/mtciceronisdeof00dillgoog_0116.png"; bbox 0 0 1904 3750; ppageno 0'>
   <div class='ocr_carea' id='block_1_1' title="bbox 54 197 900 295">
    <p class='ocr_par' dir='ltr' id='par_1_1' title="bbox 54 197 900 295">
     <span class='ocr_line' id='line_1_1' title="bbox 54 197 900 295; baseline -0.005 -10"><span class='ocrx_word' id='word_1_1' title='bbox 54 233 133 295; x_wconf 69' lang='lat' dir='ltr'>nn]</span> <span class='ocrx_word' id='word_1_2' title='bbox 226 197 229 207; x_wconf 50' lang='lat'><strong>¹</strong></span> <span class='ocrx_word' id='word_1_3' title='bbox 344 232 387 283; x_wconf 84' lang='lat' dir='ltr'>nn</span> <span class='ocrx_word' id='word_1_4' title='bbox 408 233 554 282; x_wconf 80' lang='lat' dir='ltr'>ossicns</span> <span class='ocrx_word' id='word_1_5' title='bbox 841 217 900 282; x_wconf 76' lang='lat'>100</span> 
     </span>
    </p>
   </div>
   <div class='ocr_carea' id='block_1_2' title="bbox 54 380 898 2982">
    <p class='ocr_par' dir='ltr' id='par_1_2' title="bbox 54 380 898 1919">
     <span class='ocr_line' id='line_1_2' title="bbox 54 380 854 461; baseline -0.001 -20"><span class='ocrx_word' id='word_1_6' title='bbox 54 402 134 456; x_wconf 91' lang='lat' dir='ltr'>num,</span> <span class='ocrx_word' id='word_1_7' title='bbox 155 382 269 441; x_wconf 86' lang='lat' dir='ltr'>honore</span> <span class='ocrx_word' id='word_1_8' title='bbox 292 381 329 438; x_wconf 85' lang='lat' dir='ltr'>ab</span> <span class='ocrx_word' id='word_1_9' title='bbox 350 381 386 439; x_wconf 88' lang='lat' dir='ltr'>iis</span> <span class='ocrx_word' id='word_1_10' title='bbox 405 382 486 461; x_wconf 88' lang='lat' dir='ltr'>digni</span> <span class='ocrx_word' id='word_1_11' title='bbox 503 381 709 460; x_wconf 76' lang='lat' dir='ltr'>judicaremur.</span> <span class='ocrx_word' id='word_1_12' title='bbox 751 380 854 440; x_wconf 82' lang='lat' dir='ltr'>Admi-</span> 
     </span>
     <span class='ocr_line' id='line_1_3' title="bbox 55 479 852 557; baseline 0.001 -21"><span class='ocrx_word' id='word_1_13' title='bbox 55 490 154 539; x_wconf 86' lang='lat' dir='ltr'>rantur</span> <span class='ocrx_word' id='word_1_14' title='bbox 182 480 273 557; x_wconf 88' lang='lat' dir='ltr'>igitur</span> <span class='ocrx_word' id='word_1_15' title='bbox 310 481 501 538; x_wconf 87' lang='lat' dir='ltr'>communiter</span> <span class='ocrx_word' id='word_1_16' title='bbox 531 480 572 538; x_wconf 93' lang='lat' dir='ltr'>illi</span> <span class='ocrx_word' id='word_1_17' title='bbox 602 480 718 555; x_wconf 86' lang='lat' dir='ltr'>quidem</span> <span class='ocrx_word' id='word_1_18' title='bbox 744 479 852 553; x_wconf 86' lang='lat' dir='ltr'>omnia,</span> 
     </span>
     <span class='ocr_line' id='line_1_4' title="bbox 55 577 853 659; baseline -0.001 -23"><span class='ocrx_word' id='word_1_19' title='bbox 55 597 118 653; x_wconf 83' lang='lat' dir='ltr'>quae</span> <span class='ocrx_word' id='word_1_20' title='bbox 138 597 257 654; x_wconf 84' lang='lat' dir='ltr'>magna,</span> <span class='ocrx_word' id='word_1_21' title='bbox 272 587 303 633; x_wconf 88' lang='lat' dir='ltr'>et</span> <span class='ocrx_word' id='word_1_22' title='bbox 317 586 419 652; x_wconf 79' lang='lat' dir='ltr'>prater</span> <span class='ocrx_word' id='word_1_23' title='bbox 438 577 605 653; x_wconf 90' lang='lat' dir='ltr'>opinionem</span> <span class='ocrx_word' id='word_1_24' title='bbox 619 596 710 659; x_wconf 86' lang='lat' dir='ltr'>snam,</span> <span class='ocrx_word' id='word_1_25' title='bbox 725 578 853 636; x_wconf 86' lang='lat' dir='ltr'>animad-</span> 
     </span>
     <span class='ocr_line' id='line_1_5' title="bbox 56 673 853 752; baseline 0.004 -22"><span class='ocrx_word' id='word_1_26' title='bbox 56 684 220 745; x_wconf 82' lang='lat' dir='ltr'>verterunt3</span> <span class='ocrx_word' id='word_1_27' title='bbox 249 673 407 750; x_wconf 87' lang='lat' dir='ltr'>separatim</span> <span class='ocrx_word' id='word_1_28' title='bbox 427 685 522 732; x_wconf 88' lang='lat' dir='ltr'>autem</span> <span class='ocrx_word' id='word_1_29' title='bbox 543 674 574 733; x_wconf 93' lang='lat' dir='ltr'>in</span> <span class='ocrx_word' id='word_1_30' title='bbox 593 675 724 752; x_wconf 86' lang='lat' dir='ltr'>singulis,</span> <span class='ocrx_word' id='word_1_31' title='bbox 745 674 770 733; x_wconf 92' lang='lat' dir='ltr'>si</span> <span class='ocrx_word' id='word_1_32' title='bbox 789 693 853 751; x_wconf 87' lang='lat' dir='ltr'>per·</span> 
     </span>
     <span class='ocr_line' id='line_1_6' title="bbox 57 770 882 848; baseline -0.001 -18"><span class='ocrx_word' id='word_1_33' title='bbox 57 773 184 848; x_wconf 84' lang='lat' dir='ltr'>spiciunt</span> <span class='ocrx_word' id='word_1_34' title='bbox 205 791 262 829; x_wconf 87' lang='lat' dir='ltr'>neo</span> <span class='ocrx_word' id='word_1_35' title='bbox 283 770 403 846; x_wconf 91' lang='lat' dir='ltr'>opinata</span> <span class='ocrx_word' id='word_1_36' title='bbox 417 772 547 846; x_wconf 77' lang='lat' dir='ltr'>quaedam</span> <span class='ocrx_word' id='word_1_37' title='bbox 562 772 644 830; x_wconf 85' lang='lat' dir='ltr'>bona.</span> <span class='ocrx_word' id='word_1_38' title='bbox 685 772 788 848; x_wconf 83' lang='lat' dir='ltr'>Itaque</span> <span class='ocrx_word' id='word_1_39' title='bbox 802 791 851 830; x_wconf 88' lang='lat' dir='ltr'>eos</span> <span class='ocrx_word' id='word_1_40' title='bbox 865 781 882 829; x_wconf 84' lang='lat'>5</span> 
     </span>
     <span class='ocr_line' id='line_1_7' title="bbox 56 868 851 944; baseline 0.001 -19"><span class='ocrx_word' id='word_1_41' title='bbox 56 870 131 927; x_wconf 83' lang='lat' dir='ltr'>viros</span> <span class='ocrx_word' id='word_1_42' title='bbox 152 869 329 944; x_wconf 81' lang='lat' dir='ltr'>suspiciunt,</span> <span class='ocrx_word' id='word_1_43' title='bbox 351 868 539 944; x_wconf 80' lang='lat' dir='ltr'>maximisque</span> <span class='ocrx_word' id='word_1_44' title='bbox 566 870 688 926; x_wconf 84' lang='lat' dir='ltr'>efferunt</span> <span class='ocrx_word' id='word_1_45' title='bbox 707 869 851 941; x_wconf 85' lang='lat' dir='ltr'>laudibus,</span> 
     </span>
     <span class='ocr_line' id='line_1_8' title="bbox 57 964 851 1042; baseline -0.001 -18"><span class='ocrx_word' id='word_1_46' title='bbox 57 966 212 1042; x_wconf 89' lang='lat' dir='ltr'>inquibus</span> <span class='ocrx_word' id='word_1_47' title='bbox 232 964 400 1023; x_wconf 88' lang='lat' dir='ltr'>existimant</span> <span class='ocrx_word' id='word_1_48' title='bbox 420 985 451 1022; x_wconf 87' lang='lat' dir='ltr'>se</span> <span class='ocrx_word' id='word_1_49' title='bbox 472 965 646 1024; x_wconf 80' lang='lat' dir='ltr'>excellentes</span> <span class='ocrx_word' id='word_1_50' title='bbox 666 967 804 1042; x_wconf 90' lang='lat' dir='ltr'>quasdam</span> <span class='ocrx_word' id='word_1_51' title='bbox 822 975 851 1023; x_wconf 88' lang='lat' dir='ltr'>et</span> 
     </span>
     <span class='ocr_line' id='line_1_9' title="bbox 56 1061 852 1142; baseline 0 -22"><span class='ocrx_word' id='word_1_52' title='bbox 56 1064 218 1142; x_wconf 87' lang='lat' dir='ltr'>singulares</span> <span class='ocrx_word' id='word_1_53' title='bbox 233 1064 356 1120; x_wconf 87' lang='lat' dir='ltr'>virtutes</span> <span class='ocrx_word' id='word_1_54' title='bbox 375 1063 554 1138; x_wconf 82' lang='lat' dir='ltr'>perspicere3</span> <span class='ocrx_word' id='word_1_55' title='bbox 577 1061 741 1138; x_wconf 79' lang='lat' dir='ltr'>despiciunt</span> <span class='ocrx_word' id='word_1_56' title='bbox 756 1072 852 1120; x_wconf 86' lang='lat' dir='ltr'>autern</span> 
     </span>
     <span class='ocr_line' id='line_1_10' title="bbox 57 1157 851 1236; baseline -0.005 -16"><span class='ocrx_word' id='word_1_57' title='bbox 57 1181 113 1233; x_wconf 86' lang='lat' dir='ltr'>eos,</span> <span class='ocrx_word' id='word_1_58' title='bbox 129 1174 159 1221; x_wconf 86' lang='lat' dir='ltr'>et</span> <span class='ocrx_word' id='word_1_59' title='bbox 173 1169 378 1230; x_wconf 82' lang='lat' dir='ltr'>contemnunt,</span> <span class='ocrx_word' id='word_1_60' title='bbox 392 1159 540 1236; x_wconf 89' lang='lat' dir='ltr'>inquibus</span> <span class='ocrx_word' id='word_1_61' title='bbox 556 1159 627 1217; x_wconf 90' lang='lat' dir='ltr'>nibil</span> <span class='ocrx_word' id='word_1_62' title='bbox 643 1159 764 1230; x_wconf 83' lang='lat' dir='ltr'>virtutis,</span> <span class='ocrx_word' id='word_1_63' title='bbox 779 1157 851 1216; x_wconf 89' lang='lat' dir='ltr'>nihil</span> 
     </span>
     <span class='ocr_line' id='line_1_11' title="bbox 57 1255 898 1334; baseline -0.008 -16"><span class='ocrx_word' id='word_1_64' title='bbox 57 1259 155 1331; x_wconf 87' lang='lat' dir='ltr'>animi,</span> <span class='ocrx_word' id='word_1_65' title='bbox 176 1259 249 1316; x_wconf 88' lang='lat' dir='ltr'>nihil</span> <span class='ocrx_word' id='word_1_66' title='bbox 272 1275 437 1328; x_wconf 88' lang='lat' dir='ltr'>nervorum,</span> <span class='ocrx_word' id='word_1_67' title='bbox 451 1267 562 1334; x_wconf 85' lang='lat' dir='ltr'>putant.</span> <span class='ocrx_word' id='word_1_68' title='bbox 603 1256 673 1314; x_wconf 94' lang='lat' dir='ltr'>Non</span> <span class='ocrx_word' id='word_1_69' title='bbox 693 1255 772 1315; x_wconf 83' lang='lat' dir='ltr'>enim</span> <span class='ocrx_word' id='word_1_70' title='bbox 793 1273 852 1312; x_wconf 91' lang='lat' dir='ltr'>om·</span> <span class='ocrx_word' id='word_1_71' title='bbox 866 1261 898 1312; x_wconf 88' lang='lat' dir='ltr'>1u</span> 
     </span>
     <span class='ocr_line' id='line_1_12' title="bbox 56 1352 851 1430; baseline -0.006 -15"><span class='ocrx_word' id='word_1_72' title='bbox 56 1376 105 1415; x_wconf 91' lang='lat' dir='ltr'>nes</span> <span class='ocrx_word' id='word_1_73' title='bbox 126 1377 178 1415; x_wconf 86' lang='lat' dir='ltr'>eos</span> <span class='ocrx_word' id='word_1_74' title='bbox 192 1364 396 1422; x_wconf 80' lang='lat' dir='ltr'>contemnunt,</span> <span class='ocrx_word' id='word_1_75' title='bbox 412 1354 447 1412; x_wconf 91' lang='lat' dir='ltr'>de</span> <span class='ocrx_word' id='word_1_76' title='bbox 462 1355 566 1430; x_wconf 91' lang='lat' dir='ltr'>quibus</span> <span class='ocrx_word' id='word_1_77' title='bbox 580 1352 654 1411; x_wconf 89' lang='lat' dir='ltr'>male</span> <span class='ocrx_word' id='word_1_78' title='bbox 672 1353 851 1411; x_wconf 75' lang='lat' dir='ltr'>existimant:</span> 
     </span>
     <span class='ocr_line' id='line_1_13' title="bbox 55 1450 852 1530; baseline -0.005 -17"><span class='ocrx_word' id='word_1_79' title='bbox 55 1473 132 1526; x_wconf 84' lang='lat' dir='ltr'>narn,</span> <span class='ocrx_word' id='word_1_80' title='bbox 160 1473 233 1530; x_wconf 89' lang='lat' dir='ltr'>quos</span> <span class='ocrx_word' id='word_1_81' title='bbox 268 1452 425 1526; x_wconf 88' lang='lat' dir='ltr'>improbos,</span> <span class='ocrx_word' id='word_1_82' title='bbox 459 1452 628 1524; x_wconf 84' lang='lat' dir='ltr'>maledicos,</span> <span class='ocrx_word' id='word_1_83' title='bbox 656 1450 852 1510; x_wconf 87' lang='lat' dir='ltr'>fraudulentos</span> 
     </span>
     <span class='ocr_line' id='line_1_14' title="bbox 54 1548 852 1627; baseline -0.004 -18"><span class='ocrx_word' id='word_1_84' title='bbox 54 1561 167 1627; x_wconf 88' lang='lat' dir='ltr'>putant,</span> <span class='ocrx_word' id='word_1_85' title='bbox 183 1561 212 1608; x_wconf 88' lang='lat' dir='ltr'>et</span> <span class='ocrx_word' id='word_1_86' title='bbox 227 1550 263 1607; x_wconf 89' lang='lat' dir='ltr'>ad</span> <span class='ocrx_word' id='word_1_87' title='bbox 279 1548 444 1606; x_wconf 86' lang='lat' dir='ltr'>faciendam</span> <span class='ocrx_word' id='word_1_88' title='bbox 455 1549 598 1625; x_wconf 7' lang='lat' dir='ltr'>&#39;injuriam</span> <span class='ocrx_word' id='word_1_89' title='bbox 620 1549 786 1621; x_wconf 82' lang='lat' dir='ltr'>instructos,</span> <span class='ocrx_word' id='word_1_90' title='bbox 801 1566 852 1606; x_wconf 89' lang='lat' dir='ltr'>eos</span> 
     </span>
     <span class='ocr_line' id='line_1_15' title="bbox 55 1645 852 1723; baseline -0.005 -16"><span class='ocrx_word' id='word_1_91' title='bbox 55 1657 249 1706; x_wconf 76' lang='lat' dir='ltr'>contemnunt</span> <span class='ocrx_word' id='word_1_92' title='bbox 262 1645 381 1722; x_wconf 92' lang='lat' dir='ltr'>quidem</span> <span class='ocrx_word' id='word_1_93' title='bbox 398 1646 573 1723; x_wconf 89' lang='lat' dir='ltr'>neutiquam,</span> <span class='ocrx_word' id='word_1_94' title='bbox 588 1646 638 1703; x_wconf 88' lang='lat' dir='ltr'>sed</span> <span class='ocrx_word' id='word_1_95' title='bbox 653 1648 689 1704; x_wconf 85' lang='lat' dir='ltr'>de</span> <span class='ocrx_word' id='word_1_96' title='bbox 711 1647 757 1704; x_wconf 88' lang='lat' dir='ltr'>his</span> <span class='ocrx_word' id='word_1_97' title='bbox 776 1645 852 1713; x_wconf 86' lang='lat' dir='ltr'>malo</span> 
     </span>
     <span class='ocr_line' id='line_1_16' title="bbox 55 1741 896 1824; baseline -0.004 -20"><span class='ocrx_word' id='word_1_98' title='bbox 55 1746 230 1805; x_wconf 82' lang='lat' dir='ltr'>existimant.</span> <span class='ocrx_word' id='word_1_99' title='bbox 273 1743 485 1813; x_wconf 79' lang='lat' dir='ltr'>Quamobrem,</span> <span class='ocrx_word' id='word_1_100' title='bbox 515 1741 561 1819; x_wconf 88' lang='lat' dir='ltr'>(ut</span> <span class='ocrx_word' id='word_1_101' title='bbox 588 1754 654 1801; x_wconf 82' lang='lat' dir='ltr'>ante</span> <span class='ocrx_word' id='word_1_102' title='bbox 681 1744 754 1824; x_wconf 82' lang='lat' dir='ltr'>dixi)</span> <span class='ocrx_word' id='word_1_103' title='bbox 783 1749 896 1801; x_wconf 77' lang='lat' dir='ltr'>con-15</span> 
     </span>
     <span class='ocr_line' id='line_1_17' title="bbox 56 1840 850 1919; baseline -0.004 -18"><span class='ocrx_word' id='word_1_104' title='bbox 56 1852 225 1901; x_wconf 77' lang='lat' dir='ltr'>temnuntur</span> <span class='ocrx_word' id='word_1_105' title='bbox 239 1841 272 1912; x_wconf 88' lang='lat' dir='ltr'>ii,</span> <span class='ocrx_word' id='word_1_106' title='bbox 287 1840 336 1916; x_wconf 91' lang='lat' dir='ltr'>qui</span> <span class='ocrx_word' id='word_1_107' title='bbox 350 1859 407 1898; x_wconf 87' lang='lat' dir='ltr'>nee</span> <span class='ocrx_word' id='word_1_108' title='bbox 419 1840 475 1898; x_wconf 91' lang='lat' dir='ltr'>sibi</span> <span class='ocrx_word' id='word_1_109' title='bbox 489 1860 544 1898; x_wconf 83' lang='lat' dir='ltr'>neo</span> <span class='ocrx_word' id='word_1_110' title='bbox 560 1840 640 1899; x_wconf 84' lang='lat' dir='ltr'>alteri</span> <span class='ocrx_word' id='word_1_111' title='bbox 656 1840 701 1918; x_wconf 86' lang='lat' dir='ltr'>(ut</span> <span class='ocrx_word' id='word_1_112' title='bbox 715 1840 850 1919; x_wconf 79' lang='lat' dir='ltr'>dieitur);</span> 
     </span>
    </p>

    <p class='ocr_par' dir='ltr' id='par_1_3' title="bbox 56 1937 852 2096">
     <span class='ocr_line' id='line_1_18' title="bbox 56 1937 852 2016; baseline -0.003 -18"><span class='ocrx_word' id='word_1_113' title='bbox 56 1939 84 1998; x_wconf 93' lang='lat' dir='ltr'>in</span> <span class='ocrx_word' id='word_1_114' title='bbox 110 1939 218 2016; x_wconf 92' lang='lat' dir='ltr'>quibus</span> <span class='ocrx_word' id='word_1_115' title='bbox 245 1938 343 1995; x_wconf 90' lang='lat' dir='ltr'>nullus</span> <span class='ocrx_word' id='word_1_116' title='bbox 370 1937 461 2012; x_wconf 80' lang='lat' dir='ltr'>labor,</span> <span class='ocrx_word' id='word_1_117' title='bbox 488 1938 568 1996; x_wconf 87' lang='lat' dir='ltr'>nulla</span> <span class='ocrx_word' id='word_1_118' title='bbox 593 1938 744 2012; x_wconf 85' lang='lat' dir='ltr'>industria,</span> <span class='ocrx_word' id='word_1_119' title='bbox 771 1937 852 1996; x_wconf 80' lang='lat' dir='ltr'>nullu</span> 
     </span>
     <span class='ocr_line' id='line_1_19' title="bbox 56 2047 193 2096; baseline -0.015 0"><span class='ocrx_word' id='word_1_120' title='bbox 56 2057 126 2096; x_wconf 79' lang='lat' dir='ltr'>eura</span> <span class='ocrx_word' id='word_1_121' title='bbox 138 2047 193 2095; x_wconf 87' lang='lat' dir='ltr'>est.</span> 
     </span>
    </p>

    <p class='ocr_par' dir='ltr' id='par_1_4' title="bbox 57 2128 898 2982">
     <span class='ocr_line' id='line_1_20' title="bbox 97 2128 851 2204; baseline -0.011 -10"><span class='ocrx_word' id='word_1_122' title='bbox 97 2133 303 2194; x_wconf 82' lang='lat' dir='ltr'>Admiratione</span> <span class='ocrx_word' id='word_1_123' title='bbox 325 2143 419 2189; x_wconf 85' lang='lat' dir='ltr'>autem</span> <span class='ocrx_word' id='word_1_124' title='bbox 441 2132 603 2190; x_wconf 86' lang='lat' dir='ltr'>afficiuntur</span> <span class='ocrx_word' id='word_1_125' title='bbox 625 2130 656 2197; x_wconf 88' lang='lat' dir='ltr'>ii,</span> <span class='ocrx_word' id='word_1_126' title='bbox 671 2130 721 2204; x_wconf 89' lang='lat' dir='ltr'>qui</span> <span class='ocrx_word' id='word_1_127' title='bbox 742 2128 851 2187; x_wconf 84' lang='lat' dir='ltr'>anteire</span> 
     </span>
     <span class='ocr_line' id='line_1_21' title="bbox 57 2225 898 2304; baseline -0.011 -15"><span class='ocrx_word' id='word_1_128' title='bbox 57 2243 177 2290; x_wconf 77' lang='lat' dir='ltr'>eeteros</span> <span class='ocrx_word' id='word_1_129' title='bbox 198 2231 305 2287; x_wconf 84' lang='lat' dir='ltr'>virtute</span> <span class='ocrx_word' id='word_1_130' title='bbox 330 2238 477 2304; x_wconf 88' lang='lat' dir='ltr'>putantur,</span> <span class='ocrx_word' id='word_1_131' title='bbox 498 2239 528 2286; x_wconf 89' lang='lat' dir='ltr'>et</span> <span class='ocrx_word' id='word_1_132' title='bbox 552 2245 618 2284; x_wconf 87' lang='lat' dir='ltr'>oum</span> <span class='ocrx_word' id='word_1_133' title='bbox 645 2225 725 2283; x_wconf 91' lang='lat' dir='ltr'>omni</span> <span class='ocrx_word' id='word_1_134' title='bbox 753 2241 851 2282; x_wconf 83' lang='lat' dir='ltr'>carere</span> <span class='ocrx_word' id='word_1_135' title='bbox 865 2225 898 2280; x_wconf 72' lang='lat'>20</span> 
     </span>
     <span class='ocr_line' id='line_1_22' title="bbox 58 2321 851 2400; baseline -0.004 -16"><span class='ocrx_word' id='word_1_136' title='bbox 58 2329 212 2400; x_wconf 78' lang='lat' dir='ltr'>dedecore,</span> <span class='ocrx_word' id='word_1_137' title='bbox 237 2337 300 2384; x_wconf 90' lang='lat' dir='ltr'>tum</span> <span class='ocrx_word' id='word_1_138' title='bbox 324 2345 390 2384; x_wconf 84' lang='lat' dir='ltr'>vero</span> <span class='ocrx_word' id='word_1_139' title='bbox 417 2325 452 2382; x_wconf 91' lang='lat' dir='ltr'>iis</span> <span class='ocrx_word' id='word_1_140' title='bbox 475 2324 561 2394; x_wconf 85' lang='lat' dir='ltr'>vitiis,</span> <span class='ocrx_word' id='word_1_141' title='bbox 586 2322 689 2400; x_wconf 91' lang='lat' dir='ltr'>quibus</span> <span class='ocrx_word' id='word_1_142' title='bbox 716 2321 765 2380; x_wconf 87' lang='lat' dir='ltr'>alii</span> <span class='ocrx_word' id='word_1_143' title='bbox 792 2338 851 2381; x_wconf 84' lang='lat' dir='ltr'>non</span> 
     </span>
     <span class='ocr_line' id='line_1_23' title="bbox 59 2419 851 2501; baseline -0.01 -20"><span class='ocrx_word' id='word_1_144' title='bbox 59 2425 141 2484; x_wconf 78' lang='lat' dir='ltr'>facile</span> <span class='ocrx_word' id='word_1_145' title='bbox 168 2431 293 2501; x_wconf 86' lang='lat' dir='ltr'>possunt</span> <span class='ocrx_word' id='word_1_146' title='bbox 319 2422 466 2480; x_wconf 87' lang='lat' dir='ltr'>obsistere.</span> <span class='ocrx_word' id='word_1_147' title='bbox 520 2419 598 2477; x_wconf 90' lang='lat' dir='ltr'>Nam</span> <span class='ocrx_word' id='word_1_148' title='bbox 625 2429 654 2476; x_wconf 91' lang='lat' dir='ltr'>et</span> <span class='ocrx_word' id='word_1_149' title='bbox 681 2419 851 2492; x_wconf 84' lang='lat' dir='ltr'>voluptates,</span> 
     </span>
     <span class='ocr_line' id='line_1_24' title="bbox 60 2513 853 2595; baseline -0.006 -16"><span class='ocrx_word' id='word_1_150' title='bbox 60 2522 252 2582; x_wconf 77' lang='lat' dir='ltr'>blandissime</span> <span class='ocrx_word' id='word_1_151' title='bbox 280 2519 415 2590; x_wconf 82' lang='lat' dir='ltr'>dominae,</span> <span class='ocrx_word' id='word_1_152' title='bbox 443 2518 566 2595; x_wconf 87' lang='lat' dir='ltr'>majores</span> <span class='ocrx_word' id='word_1_153' title='bbox 592 2526 687 2592; x_wconf 86' lang='lat' dir='ltr'>partes</span> <span class='ocrx_word' id='word_1_154' title='bbox 719 2513 807 2573; x_wconf 83' lang='lat' dir='ltr'>animi</span> <span class='ocrx_word' id='word_1_155' title='bbox 834 2532 853 2574; x_wconf 82' lang='lat' dir='ltr'>a</span> 
     </span>
     <span class='ocr_line' id='line_1_25' title="bbox 61 2610 852 2692; baseline -0.011 -15"><span class='ocrx_word' id='word_1_156' title='bbox 61 2620 161 2678; x_wconf 77' lang='lat' dir='ltr'>virtute</span> <span class='ocrx_word' id='word_1_157' title='bbox 181 2619 373 2692; x_wconf 84' lang='lat' dir='ltr'>detorquent;</span> <span class='ocrx_word' id='word_1_158' title='bbox 396 2625 434 2684; x_wconf 83' lang='lat' dir='ltr'>et,</span> <span class='ocrx_word' id='word_1_159' title='bbox 456 2615 588 2672; x_wconf 88' lang='lat' dir='ltr'>dolorum</span> <span class='ocrx_word' id='word_1_160' title='bbox 609 2631 677 2671; x_wconf 87' lang='lat' dir='ltr'>eum</span> <span class='ocrx_word' id='word_1_161' title='bbox 699 2610 852 2670; x_wconf 86' lang='lat' dir='ltr'>admoven-</span> 
     </span>
     <span class='ocr_line' id='line_1_26' title="bbox 61 2711 898 2792; baseline -0.004 -19"><span class='ocrx_word' id='word_1_162' title='bbox 61 2718 214 2786; x_wconf 68' lang='lat' dir='ltr'>torbaces,</span> <span class='ocrx_word' id='word_1_163' title='bbox 235 2722 340 2792; x_wconf 73' lang='lat' dir='ltr'>preter</span> <span class='ocrx_word' id='word_1_164' title='bbox 366 2712 483 2769; x_wconf 91' lang='lat' dir='ltr'>modum</span> <span class='ocrx_word' id='word_1_165' title='bbox 507 2711 638 2787; x_wconf 89' lang='lat' dir='ltr'>plerique</span> <span class='ocrx_word' id='word_1_166' title='bbox 662 2715 850 2768; x_wconf 73' lang='lat' dir='ltr'>exterrentur,</span> <span class='ocrx_word' id='word_1_167' title='bbox 864 2717 898 2770; x_wconf 71' lang='lat'>25</span> 
     </span>
     <span class='ocr_line' id='line_1_27' title="bbox 63 2804 852 2886; baseline -0.004 -18"><span class='ocrx_word' id='word_1_168' title='bbox 63 2811 134 2886; x_wconf 80' lang='lat' dir='ltr'>Vita,</span> <span class='ocrx_word' id='word_1_169' title='bbox 156 2831 245 2883; x_wconf 88' lang='lat' dir='ltr'>mors,</span> <span class='ocrx_word' id='word_1_170' title='bbox 267 2809 386 2879; x_wconf 74' lang='lat' dir='ltr'>divitiae,</span> <span class='ocrx_word' id='word_1_171' title='bbox 406 2818 569 2884; x_wconf 87' lang='lat' dir='ltr'>paupertas,</span> <span class='ocrx_word' id='word_1_172' title='bbox 591 2825 692 2865; x_wconf 89' lang='lat' dir='ltr'>omnes</span> <span class='ocrx_word' id='word_1_173' title='bbox 718 2804 852 2865; x_wconf 82' lang='lat' dir='ltr'>homines</span> 
     </span>
     <span class='ocr_line' id='line_1_28' title="bbox 63 2903 856 2982; baseline -0.003 -17"><span class='ocrx_word' id='word_1_174' title='bbox 63 2909 312 2970; x_wconf 77' lang='lat' dir='ltr'>vehementissime</span> <span class='ocrx_word' id='word_1_175' title='bbox 332 2915 507 2982; x_wconf 84' lang='lat' dir='ltr'>permovent.</span> <span class='ocrx_word' id='word_1_176' title='bbox 547 2905 625 2968; x_wconf 70' lang='lat' dir='ltr'>Quas</span> <span class='ocrx_word' id='word_1_177' title='bbox 639 2903 689 2981; x_wconf 93' lang='lat' dir='ltr'>qui</span> <span class='ocrx_word' id='word_1_178' title='bbox 703 2903 733 2962; x_wconf 93' lang='lat' dir='ltr'>in</span> <span class='ocrx_word' id='word_1_179' title='bbox 747 2911 856 2963; x_wconf 78' lang='lat' dir='ltr'>utrem·</span> 
     </span>
    </p>
   </div>
   <div class='ocr_carea' id='block_1_3' title="bbox 65 3002 882 3163">
    <p class='ocr_par' dir='ltr' id='par_1_5' title="bbox 65 3002 882 3163">
     <span class='ocr_line' id='line_1_29' title="bbox 65 3002 882 3090; baseline -0.007 -22"><span class='ocrx_word' id='word_1_180' title='bbox 65 3025 112 3082; x_wconf 84' lang='lat' dir='ltr'>qna</span> <span class='ocrx_word' id='word_1_181' title='bbox 124 3019 238 3088; x_wconf 82' lang='lat' dir='ltr'>partem</span> <span class='ocrx_word' id='word_1_182' title='bbox 253 3005 367 3067; x_wconf 74' lang='lat' dir='ltr'>excelso</span> <span class='ocrx_word' id='word_1_183' title='bbox 381 3004 480 3068; x_wconf 86' lang='lat' dir='ltr'>animo</span> <span class='ocrx_word' id='word_1_184' title='bbox 493 3025 666 3090; x_wconf 80' lang='lat' dir='ltr'>magnoque</span> <span class='ocrx_word' id='word_1_185' title='bbox 687 3002 882 3087; x_wconf 66' lang='lat' dir='ltr'>(impierum,</span> 
     </span>
     <span class='ocr_line' id='line_1_30' title="bbox 246 3099 327 3163; baseline 0.012 -1"><span class='ocrx_word' id='word_1_186' title='bbox 246 3099 250 3108; x_wconf 75' lang='grc'><em>’</em></span> <span class='ocrx_word' id='word_1_187' title='bbox 285 3104 327 3163; x_wconf 82' lang='lat'>10</span> 
     </span>
    </p>
   </div>
   <div class='ocr_carea' id='block_1_4' title="bbox 0 0 968 3750">
    <p class='ocr_par' dir='ltr' id='par_1_6' title="bbox 0 0 968 3750">
     <span class='ocr_line' id='line_1_31' title="bbox 0 0 968 3750; baseline 0 0"><span class='ocrx_word' id='word_1_188' title='bbox 0 0 968 3750; x_wconf 95' lang='lat' dir='ltr'> </span> 
     </span>
    </p>
   </div>
  </div>
 </body>
</html>
