1904 3750
330 285 374 336 na
394 286 596 338 sannorum.
858 275 900 335 ιω

65 434 216 513 flagitium,
244 437 331 495 nullis
365 437 428 496 aliis
461 437 605 497 illecebris
638 433 768 509 excitari,
794 435 852 493 nisi

64 534 225 609 voluptatis.
268 534 400 610 Cumque
434 535 544 592 homini
578 534 637 591 sive
651 544 763 606 natura,
792 533 852 591 sive

64 629 127 705 quis
155 631 245 702 Deus,
270 632 342 688 nihil
370 643 466 689 mente
493 631 683 707 prestabilius
708 630 834 689 dedisset
842 651 850 702 ;

64 726 133 784 huic
147 727 246 784 divino
260 728 372 785 muneri
398 748 431 785 ac
445 729 523 785 dono
547 727 619 784 nihil
641 746 704 784 esse
726 737 784 786 tam
799 728 852 785 ini·

63 823 182 895 micum,
198 844 282 899 quam
307 825 490 900 voluptatem.
532 823 599 881 Nec
613 825 702 897 enim,
727 824 883 886 libidine5

63 920 239 991 dominante,
274 921 471 996 temperantiae
505 920 603 977 locum
637 939 721 991 esse;
756 941 850 997 neque

63 1018 181 1074 omnino
202 1018 231 1074 in
246 1017 399 1093 voluptatis
419 1035 510 1094 regno
530 1017 664 1074 virtutem
684 1036 768 1093 posse
782 1036 851 1074 con-

62 1115 171 1173 sistere.
211 1114 302 1176 Quod
323 1132 380 1189 quo
407 1114 500 1190 magis
521 1112 644 1190 intelligi
667 1124 774 1188 posset,
799 1115 855 1171 fin·'

62 1229 130 1286 gere
158 1211 254 1268 animo
281 1211 410 1285 jubebat,
438 1210 519 1267 tanti
547 1209 698 1266 incitatum
726 1209 849 1285 aliquem

61 1307 206 1383 voluptate
226 1307 362 1382 corporis,
383 1317 489 1382 quanta
514 1306 626 1381 percipi
648 1316 746 1381 posset
772 1306 896 1362 max-1⁰

61 1402 126 1460 ima.
168 1402 288 1460 Nemini
309 1404 446 1461 censebat
466 1403 526 1460 sore
544 1401 674 1474 dubium,
689 1401 758 1476 quin
778 1411 849 1459 tam·

61 1500 121 1571 diu,
137 1499 204 1557 dum
220 1500 260 1557 ita
273 1500 422 1576 gauderet,
437 1498 509 1556 nihil
531 1500 640 1577 agitare
654 1508 760 1570 mente,
775 1497 849 1565 nihil

60 1596 182 1668 ratione,
198 1596 270 1653 nihil
286 1592 460 1673 cogitatione
482 1596 630 1672 consequi,
644 1605 758 1673 posset:
780 1613 849 1672 quo·

60 1692 141 1749 circa
153 1692 226 1748 nihil
247 1711 309 1748 esse
329 1703 386 1750 tam
406 1692 585 1764 detestabile,
600 1702 714 1768 tamque
733 1691 849 1767 pestile-

59 1807 134 1859 rum,
149 1808 233 1863 quam
248 1789 439 1864 voluptatem;
461 1789 601 1865 siquidem
617 1808 661 1861 ea,
677 1808 743 1846 cum
757 1789 848 1864 major
865 1796 896 1845 15

59 1895 137 1943 esset
157 1895 241 1961 atque
260 1885 384 1962 longior,
406 1904 492 1942 omne
514 1885 602 1942 animi
622 1884 720 1942 lumen
743 1884 849 1941 exstin-

59 1992 168 2060 gueret.
224 1981 297 2039 Haec
318 2001 385 2039 cum
413 1981 446 2039 C.
468 1982 574 2039 Pontio
595 1981 725 2038 Samnite
754 1979 848 2057 (patre

58 2079 130 2154 ejus,
154 2099 169 2136 a
188 2097 254 2154 quo,
270 2078 406 2136 Caudino
420 2077 531 2153 proelio,
547 2078 596 2152 Sp.
618 2076 793 2146 Postumius,
808 2075 847 2133 T.

58 2175 207 2247 Veturius,
229 2175 373 2245 consules,
394 2173 521 2249 superati
541 2172 621 2250 sunt)
643 2172 773 2228 locutum
793 2171 849 2226 Ar-

24 2339 28 2353 ·
58 2271 184 2346 chytam,
213 2271 366 2328 Nearchus
393 2269 581 2339 Tarentinus,
609 2267 712 2342 hospes
739 2276 846 2337 noster,
862 2283 895 2333 20

58 2365 122 2443 (qui
138 2368 168 2423 in
184 2367 312 2423 amicitia
325 2366 424 2442 populi
445 2363 575 2421 Romani
589 2362 800 2440 permanserat)
815 2379 847 2418 se

59 2483 76 2520 a
90 2464 246 2538 majoribus
260 2474 329 2521 natu
345 2462 492 2537 accepisse
507 2461 633 2531 dicebat,
649 2477 716 2517 cum
731 2457 848 2533 quidem

57 2559 86 2616 ei
100 2560 226 2616 sermoni
242 2560 418 2617 interfuisset
437 2558 520 2615 Plato
535 2555 724 2626 Atheniensis
733 2575 740 2631 ;
762 2572 848 2630 quem

57 2655 218 2712 Tarentum
240 2656 363 2726 venisse,
385 2654 418 2712 L.
441 2654 575 2724 Camillo,
597 2651 694 2728 Appio
722 2649 847 2708 Claudio

58 2753 236 2824 consulibus,
251 2753 373 2827 reperio.
862 2750 895 2800 25

96 2849 247 2910 Quorsum
270 2850 352 2906 haecl
373 2857 405 2905 ut
426 2847 604 2924 intelligatis,
626 2844 651 2903 si
671 2844 847 2920 voluptatem

59 2945 224 3021 adspernari
252 2946 364 3003 ratione
389 2954 418 3001 et
442 2944 666 3020 sapientidnon
688 2958 852 3016 possemus,

56 3059 190 3119 magnam
211 3042 377 3104 habendam
397 3041 551 3103 senectuti
570 3039 717 3122 geum,
731 3051 804 3108 qua
813 3028 880 3082 ens-

290 3141 312 3198 3
322 3141 341 3178 s
