1904 3750
54 244 133 306 nn]
350 244 396 292 nn
414 244 560 294 omens.
855 240 896 300 w

55 393 168 465 mima,
190 392 403 470 percipiantur,
425 411 475 452 eas
495 413 549 452 noe
570 394 651 453 nulio
671 395 765 470 modo,
784 397 848 456 sine

54 490 206 549 hominum
229 509 320 549 manu
348 500 434 565 etque
459 492 556 567 operd,
581 510 684 569 capere
710 494 846 571 potuisse.

53 587 115 650 Qui
136 587 266 663 denique
290 606 329 645 ex
352 587 451 645 bestiis
473 588 593 662 fructus,
617 600 665 648 eut
686 611 748 666 qum
771 611 848 650 com·

54 684 189 755 meditus,
211 683 268 742 nisi
293 682 427 741 homines
449 685 623 761 adjuvarent,
646 688 756 764 percipi
769 720 771 724 ·
785 709 848 766 pos·

54 783 115 839 seti
145 799 215 838 nam
235 790 265 838 et
285 781 336 856 qui
364 781 508 858 principes
535 783 700 842 inveniendi
721 786 878 859 suerunt,5

55 895 140 951 quem
159 895 197 934 ex
210 877 327 952 quique
340 876 437 934 bellud
458 897 542 937 usum
560 880 667 938 habere
686 901 845 957 possemne,

56 972 188 1031 homines
210 983 291 1031 certe
313 973 447 1031 fuerunt:
477 993 533 1033 nec
554 976 611 1033 hoc
630 986 768 1052 tempore,
784 978 847 1035 sine

56 1068 205 1127 hominum
232 1069 331 1146 operti,
358 1079 406 1126 aut
429 1090 549 1146 pascere
573 1090 622 1129 eus
648 1084 697 1128 aut
720 1073 846 1144 domare,

58 1176 103 1223 eut
129 1165 219 1236 tueri,
246 1175 295 1224 aut
323 1167 507 1242 tempestivos
534 1167 645 1226 fructus
671 1186 707 1224 cx
733 1169 777 1224 his
801 1188 848 1225 ca·

56 1280 132 1336 pere,
165 1281 333 1338 possemus:
368 1263 404 1320 ab
437 1263 602 1338 eisdemque
636 1273 665 1321 ct
697 1283 749 1335 eae,
783 1284 847 1338 quae
861 1269 893 1319 10

58 1367 172 1430 nocent,
183 1359 412 1430 interficiuntur;
433 1369 471 1432 et,
484 1379 547 1436 qum
561 1360 626 1418 usui
638 1369 760 1436 possunt
773 1379 846 1433 csse,

59 1455 218 1530 cupiuntur.

91 1550 177 1613 Quid
205 1569 373 1608 enumerem
402 1551 505 1608 artium
532 1552 754 1626 multitudinem,
782 1553 845 1622 sine

59 1647 159 1722 quibus
173 1646 232 1705 vita
244 1646 366 1705 omniuo
387 1647 466 1705 nullu
486 1667 549 1706 esse
569 1650 727 1724 potuisset?
767 1650 845 1713 Quis
869 1713 888 1731 ἢ

59 1745 133 1802 cuim
160 1744 245 1821 mgrie
281 1744 457 1816 subveniret,
491 1764 554 1819 quae
586 1757 661 1804 esset
692 1748 845 1806 oblectatio
861 1757 891 1806 15

59 1840 222 1913 veientium,
256 1841 306 1916 qui
334 1839 437 1911 victus,
466 1851 515 1899 aut
549 1842 665 1900 cultusi
698 1844 754 1902 uisi
786 1855 845 1902 tam

60 1936 154 1993 inultm
180 1937 265 1994 uobis
291 1945 367 1993 artes
389 1936 600 1995 ministrarent:
632 1940 736 2014 quibus
760 1940 845 1997 rebus

58 2033 180 2104 exculta,
196 2032 347 2089 homiuum
367 2032 426 2089 vita
445 2042 555 2090 tantum
576 2034 661 2091 distat
682 2036 796 2092 avictu
817 2043 871 2091 et·

59 2129 138 2187 cultu
164 2129 331 2187 bestiarum.
381 2128 475 2186 Urbes
500 2148 578 2201 vero,
606 2130 669 2186 sine
696 2130 846 2186 hominum

60 2235 144 2295 metu,
158 2243 219 2282 nou
239 2223 400 2301 potuissent
420 2243 476 2282 nec
497 2224 632 2282 redificari
647 2243 702 2281 nec
716 2225 847 2298 frequen·
860 2236 892 2286 20

59 2320 128 2378 turi:
162 2338 200 2378 cx
225 2339 284 2395 quo
312 2319 402 2396 leges,
425 2340 576 2395 moresque
590 2320 754 2389 constituti;
785 2329 846 2377 tum

57 2415 127 2490 juris
147 2436 232 2492 mque
252 2416 418 2490 descriptio,
433 2427 569 2491 certaque
588 2417 701 2474 vivendi
721 2415 847 2491 discipli·

60 2530 112 2570 ne:
140 2531 282 2588 quaeres
303 2522 332 2569 et
354 2513 543 2570 mansuetudo
566 2514 726 2571 animorum
748 2530 847 2570 conse-

61 2620 134 2680 cuta,
155 2620 186 2668 et
209 2608 387 2667 verecundia
407 2618 466 2680 est3
498 2609 698 2686 effectumque,
720 2619 752 2667 ut
772 2618 847 2666 esset

61 2705 116 2765 rita
137 2706 295 2777 munitior;
328 2715 412 2779 utque
434 2715 475 2777 ut,
497 2704 592 2763 dendo
614 2716 643 2763 et
667 2705 845 2781 accipiendo,
860 2714 892 2764 25

62 2803 262 2879 mutandisque
284 2802 469 2860 facultatibus
488 2812 517 2860 et
537 2803 704 2897 commodis,
722 2802 802 2860 nulld
815 2821 846 2862 re

62 2915 217 2977 egeremus
294 2995 315 3054 9
