1904 3750
72 667 112 728 98
407 682 451 731 on
469 681 614 730 onmcrrs.
822 680 862 741 [a.
872 680 904 728 n

159 831 195 890 V.
216 830 376 908 Longiores
396 829 538 889 hocloco
558 849 666 904 sumus,
681 847 767 906 quum
784 847 905 888 necesse

120 937 171 986 est,
211 928 289 990 Quis
302 937 346 986 est
360 928 447 998 enim,
461 928 510 986 cui
530 947 589 985 non
608 927 762 1004 perspicua
774 926 831 984 sint
845 925 904 1000 illa,

120 1044 183 1100 quae
202 1025 331 1100 pluribus
345 1025 439 1082 verbis
454 1024 611 1082 aPanaetio
632 1033 904 1096 commemorantur,

119 1121 265 1178 neminem
294 1139 388 1195 neque
415 1120 520 1179 ducem
550 1120 626 1177 bello
656 1138 713 1177 nec
743 1119 905 1196 principem

87 1217 208 1288 5domi‚
229 1235 348 1294 magnus
375 1236 421 1274 res
441 1227 470 1274 et
497 1217 645 1287 salutares,
666 1216 728 1273 sine
755 1216 905 1274 hominum

119 1313 230 1383 studiis,
259 1331 358 1390 gerere
384 1313 531 1388 potuisset
572 1312 841 1370 Commemorantur
869 1313 905 1370 ab

119 1427 155 1466 eo
188 1409 412 1481 Themistocles,
443 1409 580 1482 Pericles,
608 1409 711 1485 Cyrus,
739 1409 904 1486 Agesilitus,

120 1506 294 1578 Alexander,
316 1525 388 1581 quos
414 1515 510 1583 negat,
534 1506 596 1563 sine
621 1505 792 1582 adjumentis
815 1505 905 1562 homi·

119 1621 199 1675 num,
213 1613 307 1660 tantas
327 1622 373 1660 res
393 1603 507 1659 efficere
527 1602 662 1677 potuisse.
706 1601 810 1673 Utitur,
824 1601 855 1658 in
872 1618 905 1658 re

73 1707 103 1758 10
119 1717 177 1755 non
192 1699 289 1770 dubii,
305 1698 425 1756 testibus
439 1717 497 1755 non
511 1698 689 1755 necessariis.

158 1795 265 1869 Atque,
280 1805 312 1851 ut
332 1804 450 1870 magnus
471 1793 608 1851 utilitates
632 1793 815 1868 adipiscimur
836 1812 905 1850 con·

119 1891 273 1966 spiratione
301 1891 448 1947 hominum
478 1902 561 1964 atque
588 1909 740 1961 consensu,
761 1891 804 1947 sic
825 1890 904 1947 nulla

118 1996 177 2042 tam
198 1985 374 2043 detestabilis
393 1986 480 2061 pestis
500 1997 552 2056 est,
574 2005 636 2060 qnae
657 2005 716 2043 nou
737 1984 846 2043 homini
868 1986 903 2043 ab

119 2082 234 2138 homine
258 2092 400 2139 nascatur.
442 2081 495 2138 Est
522 2081 685 2139 Dicaearchi
713 2082 784 2139 liber
805 2082 840 2138 de
862 2082 904 2139 in-

73 2193 103 2242 15
119 2178 204 2234 teritu
225 2178 384 2249 hominum,
404 2178 588 2254 Peripatetici
609 2179 706 2254 magni
726 2189 755 2235 et
775 2178 901 2253 copiosi;

119 2274 178 2349 qui,
207 2274 334 2331 collectis
369 2275 480 2331 caeteris
507 2276 612 2346 causis,
640 2275 790 2346 eluvionis,
817 2275 904 2350 pesti·

118 2371 223 2442 lentiae,
256 2371 403 2441 vastitatis,
438 2371 596 2428 belluarum
630 2372 715 2428 etiam
748 2373 903 2447 repentinae

117 2467 310 2525 multitudinis
345 2466 478 2544 (quarum
512 2467 621 2542 impetu
655 2468 740 2525 docet
773 2469 902 2542 quaedam

119 2562 266 2621 hominum
288 2583 395 2640 genera
415 2583 477 2621 esse
498 2565 692 2642 consumpta),
708 2564 811 2620 deinde
827 2583 900 2621 com·

71 2678 103 2727 ω
118 2675 208 2736 parat,
229 2672 336 2735 quanto
357 2662 451 2737 plures
471 2660 558 2717 deleti
579 2661 635 2717 sint
659 2660 789 2716 homines
814 2661 897 2717 homi·

118 2776 187 2813 num
202 2757 319 2832 impetu,
335 2757 364 2813 id
379 2768 431 2829 est,
447 2757 528 2814 bellis
543 2766 591 2814 aut
605 2756 803 2828 seditionibus,
818 2776 894 2832 quan

119 2853 197 2910 omni
212 2853 321 2927 reliqui
336 2854 507 2911 calamitate.

157 2949 231 3005 Cum
247 2949 333 3024 igitur
348 2949 395 3006 hic
409 2950 489 3008 locus
503 2951 574 3008 nihil
590 2950 693 3007 habeat
704 2950 888 3007 dubitationis

119 3044 188 3118 quin
216 3045 345 3101 homines
371 3045 526 3120 plurimum
553 3047 718 3103 hominibus
739 3057 766 3103 et
793 3046 885 3122 pros'm

71 3146 103 3194 ao
119 3148 148 3194 et
175 3139 286 3209 obsint;
319 3139 465 3215 proprium
493 3142 548 3199 hoc
575 3152 668 3199 statuo
691 3161 754 3198 esse
781 3142 882 3199 virtuti¹

119 3236 274 3293 conciliare
302 3236 413 3293 animos
440 3236 598 3309 hominum,
623 3248 652 3294 et
679 3239 715 3295 ad
742 3258 811 3296 usus
838 3258 879 3296 su<

110 3329 280 3408 adjungere.
321 3331 432 3409 Itaque,
447 3352 509 3410 quae
524 3334 553 3392 in
566 3335 653 3395 rebus
671 3334 876 3412 inanimisque
