1904 3750
321 267 582 322 uusnuucuuuu
852 261 893 322 43

57 421 151 479 utatis
169 421 326 498 peregisse,
346 441 412 495 uec,
433 433 570 498 tanquam
589 402 776 482 inexercitati
790 420 847 480 his-

59 517 177 589 triones,
192 518 222 575 in
237 528 363 576 extremo
378 529 445 578 actu
457 519 610 578 corruisse.

99 616 140 672 At
154 624 220 672 sunt
234 616 351 688 morosi,
366 626 394 674 et
416 616 503 689 anxii,
518 627 548 674 et
568 615 710 689 iracundi,
725 625 754 673 et
774 614 846 672 diffi-

59 709 131 767 ciles
144 729 244 781 senes;
266 711 291 768 si
304 711 466 785 quaerimus,
482 713 569 770 etiam
584 711 669 770 avari.
711 711 770 770 Sed
784 710 847 769 haec

59 824 172 863 morum
186 806 255 864 vitia
267 816 343 879 sunt,
358 825 417 865 non
428 807 594 866 senectutis.
636 808 684 865 Ac
694 807 846 865 morositas
860 815 878 864 5

59 911 166 974 tamen,
181 913 211 960 et
225 922 260 960 ea
273 903 342 961 vitia
355 923 419 979 quae
433 903 502 975 dixi,
517 904 625 961 habent
640 904 746 979 aliquid
761 923 847 963 excu-

58 998 189 1070 sationis,
203 1017 262 1056 non
277 998 353 1056 illius
367 999 483 1073 quidem
494 998 589 1075 justae,
604 998 655 1056 sed
669 1018 731 1074 quae
741 1001 845 1075 proba-

59 1095 84 1152 ri
97 1113 181 1170 posse
195 1095 332 1152 videatur.
375 1095 530 1153 Contemni
548 1113 580 1152 se
599 1104 711 1170 putant,
725 1094 845 1171 despici,
924 1098 934 1109 “

59 1190 150 1248 illudi.
192 1190 336 1248 Praeterea
349 1191 379 1247 in
395 1190 487 1267 fragili
503 1208 623 1266 corpore
637 1189 740 1248 odiosa
752 1190 846 1248 omnis

58 1286 254 1345 offensioest:
276 1306 338 1362 quae
353 1296 450 1344 tamen
463 1287 562 1344 omnia
585 1285 717 1344 dulciora
731 1286 804 1343 fiunt
817 1295 847 1344 et
862 1291 893 1341 10

59 1384 187 1440 moribus
208 1383 302 1455 bonis,
325 1394 356 1441 et
376 1383 502 1441 artibus:
524 1382 622 1457 idque,
643 1392 705 1440 tum
726 1382 757 1441 in
777 1382 846 1455 vita,

58 1489 120 1537 tum
134 1479 164 1536 iu
178 1479 276 1552 scena,
292 1479 414 1556 intelligi
426 1488 522 1555 potest
535 1498 572 1536 ex
585 1479 620 1536 iis
634 1479 779 1550 fratribus,
795 1479 844 1554 qui

59 1576 89 1634 in
104 1583 123 1608 ‘⁴
133 1576 299 1651 Adelphis'’
315 1586 390 1653 sunt.
431 1576 555 1638 Quanta
568 1576 598 1633 iu
620 1575 710 1633 altero
725 1575 846 1648 duritas,

59 1673 90 1729 in
102 1673 192 1730 altero
207 1673 346 1730 comitas!
388 1673 440 1730 Sic
454 1692 485 1729 se
506 1691 552 1730 res
573 1673 668 1731 habet.
709 1671 749 1731 Ut
769 1673 847 1730 enim

59 1787 118 1826 nou
132 1786 217 1826 omne
238 1768 347 1840 vinnm,
362 1769 405 1826 sic
418 1787 478 1826 non
497 1769 592 1826 omnis
606 1779 684 1840 aetas,
705 1778 847 1826 vetustate
863 1775 894 1826 15

60 1864 215 1922 coacescit.
257 1865 445 1923 Severitatem
460 1865 491 1922 iu
511 1875 661 1923 senectute
680 1866 781 1940 probo,
795 1865 846 1922 sed

59 1979 125 2018 eam
149 1960 239 2039 (sicut
267 1961 336 2040 alia)
365 1961 528 2031 modicam;
551 1960 738 2019 acerbitatem
766 1961 847 2019 nullo

59 2058 155 2115 modo.
197 2058 328 2115 Avaritia
342 2076 409 2115 vero
423 2057 523 2114 senilis
536 2057 606 2131 quid
626 2056 681 2114 sibi
696 2056 773 2129 velit,
787 2074 847 2114 uon

59 2153 197 2232 intelligo.
239 2154 337 2213 Potest
350 2154 428 2211 enim
442 2153 597 2229 quidquam
611 2171 675 2210 esse
686 2151 847 2224 absurdius,

56 2270 154 2327 quam,
183 2270 240 2326 quo
267 2251 364 2309 minus
389 2250 443 2308 viae
470 2258 568 2320 restat,
596 2256 644 2306 eo'
658 2249 723 2324 plus
749 2248 847 2306 viatici
862 2251 894 2302 20

57 2348 206 2421 quaererel

97 2536 183 2594 XIX.
224 2536 340 2598 Quarta
350 2546 438 2594 restat
452 2554 550 2608 causa,
569 2555 633 2611 quae
653 2535 777 2593 maxime
799 2554 848 2592 an·

59 2651 129 2710 gere
144 2642 229 2708 atque
243 2633 397 2691 sollicitam
412 2633 519 2690 habere
539 2643 665 2691 nostram
681 2641 795 2690 aetatem
808 2632 848 2688 vi·

57 2729 152 2801 detur,
177 2729 416 2805 appropinquatio
437 2728 556 2799 mortis3
579 2748 643 2803 quae
662 2738 741 2786 certe
765 2746 782 2785 a
805 2745 849 2784 se·

58 2836 176 2884 uectute
196 2844 254 2883 non
274 2834 370 2900 potest
389 2823 476 2900 longe
497 2825 605 2882 abesse.
656 2823 685 2882 Ο
711 2823 847 2882 miserum
862 2832 895 2882 25

58 2939 167 2994 senem,
181 2922 240 2998 qui,
255 2930 377 2979 mortem
392 2920 634 2979 contemnendam
647 2938 720 2992 esse,
736 2919 766 2978 iu
786 2928 846 2978 tam
880 2912 881 2915 ¹

57 3016 145 3095 lougt
165 3027 249 3076 aetate
270 3035 331 3076 uon
352 3016 478 3076 videritl
500 3035 568 3095 quae
590 3026 647 3076 aut
663 3017 760 3092 piune
768 3011 872 3082 saulx·
