1904 3750
230 272 367 335 uramus,
382 272 456 322 srvu
474 239 518 322 nir
538 272 695 323 uniemur.
845 260 900 321 lul

65 420 209 499 judicium
229 422 298 494 veri,
314 423 399 499 idque
414 422 568 505 adulterat)
583 434 644 482 tum
666 422 799 482 amioitiae
812 441 856 480 re-

66 528 176 596 pugnat
190 519 320 576 maxime.
362 519 448 577 Delet
461 520 538 578 euim
552 521 710 592 veritatem,
721 520 784 579 siue
798 520 856 596 quia

67 633 174 672 nomen
197 615 331 674 amioitiae
348 617 443 674 valere
463 635 522 675 non
541 626 643 692 potest.
685 616 772 690 Nam,
788 635 855 675 oum

68 711 201 768 amicitiae
215 711 258 769 vis
271 712 308 769 sit
327 712 357 769 in
377 731 423 786 eo,
438 723 469 771 ut
490 732 564 771 uuus
578 713 659 790 quasi
680 714 792 771 animus
806 714 855 772 fiat

66 825 102 863 ex
115 806 261 882 pluribus;
282 807 331 883 qui
355 808 384 865 id
406 808 466 866 fieri
490 809 606 884 poterit,
630 809 655 867 si
679 829 716 869 uo
739 810 769 868 in
796 823 886 872 un05

66 904 180 978 quidem
190 923 303 980 quoque
312 923 386 962 nnus
396 905 507 963 animus
516 905 580 977 erit,
589 904 722 982 idemque
733 925 853 982 semper,

65 1001 117 1056 sed
131 1001 235 1072 varius,
247 1001 468 1074 commutabilis,
479 1001 648 1076 multiplexl
680 1001 762 1064 Quid
777 1003 854 1060 enim

65 1106 160 1171 potest
194 1117 257 1157 esse
283 1108 342 1156 tarn
369 1098 504 1171 flexibile,
531 1108 590 1156 tarn
618 1098 742 1170 devium,
769 1118 854 1175 quam

66 1194 178 1252 animus
198 1195 268 1271 ejus,
284 1195 342 1270 qui,
359 1195 394 1252 ad
416 1195 532 1252 alterius
551 1213 611 1252 non
631 1195 718 1252 modo
738 1214 853 1252 sensum

66 1308 101 1347 ao
119 1291 304 1364 voluntatem,
320 1292 370 1349 sed
394 1291 482 1349 etiam
502 1290 613 1348 vultum
634 1300 720 1367 atque
741 1301 853 1365 nutum,
871 1303 901 1352 10

65 1386 242 1445 convertitur
253 1390 265 1445 l

64 1498 175 1564 “Negat
201 1499 274 1563 quis?
299 1515 373 1566 nego.
405 1501 467 1550 Ait?
494 1500 542 1549 aio.
573 1500 711 1564 Postremo,
734 1500 855 1566 imperavi

157 1587 258 1645 egomet
268 1581 340 1643 mihi,

93 1659 185 1709 omna
195 1662 341 1724 mnunf’
525 1731 526 1734 Ἴ

64 1778 97 1826 ut
121 1769 160 1828 ait
183 1771 260 1830 idem
283 1771 456 1832 Terentius:
479 1775 529 1832 sed
550 1774 599 1832 ille
617 1775 671 1832 sub
691 1775 853 1834 Gnathonis

62 1867 200 1941 personi3
229 1869 305 1944 quod
333 1869 419 1927 amioi
445 1889 538 1947 genus
565 1871 710 1945 adhibere,
734 1873 899 1930 omnin015

63 1960 186 2020 levitatis
209 1974 260 2022 est.
302 1963 389 2023 Multi
412 1975 505 2024 autem
525 1967 711 2024 Gnathonum
734 1968 851 2041 similes,

63 2076 130 2115 oum
144 2059 202 2117 sint
220 2059 295 2134 loeo,
311 2061 435 2135 fortunia,
451 2062 527 2119 lami
548 2063 728 2137 superiores:
749 2065 852 2121 horum

62 2165 105 2212 est
120 2157 274 2215 assentatio
287 2159 417 2232 molesta,
429 2177 496 2216 oum
511 2158 546 2216 ad
560 2159 714 2216 vanitatem
729 2160 851 2217 aooessit

62 2252 224 2310 auotoritas.

101 2349 221 2406 Seoerni
236 2359 330 2408 autem
344 2352 466 2410 blandus
482 2351 591 2409 amicus
606 2370 623 2409 a
635 2370 711 2422 vero,
723 2362 752 2409 et
765 2352 852 2410 inter·
865 2357 897 2408 2⁰

60 2444 153 2516 nosoi,
189 2454 247 2502 tarn
275 2456 380 2521 potest,
407 2447 537 2504 adhibita
571 2447 731 2523 diligentia,
765 2467 850 2523 quam

61 2539 160 2597 omnia
179 2541 276 2599 fuoata
296 2552 324 2600 et
345 2543 478 2601 simulata
495 2563 511 2600 a
531 2543 652 2600 sinceris
667 2553 751 2619 atque
764 2545 848 2601 veris.

60 2636 184 2709 Conoio,
208 2656 271 2712 quae
295 2657 330 2695 err
357 2639 578 2714 imperitissimis
605 2649 729 2711 oonstat,
751 2650 848 2698 tamen

57 2731 190 2809 judicare
206 2734 289 2805 solet,
304 2735 372 2809 quid
394 2735 507 2792 intersit
530 2735 604 2792 inter
625 2736 802 2811 popularem,
818 2736 848 2795 id

59 2838 113 2901 est,
130 2840 337 2887 assentatorem
358 2840 388 2888 et
410 2830 502 2888 levem
524 2831 628 2904 civem,
643 2843 672 2890 et
690 2832 765 2891 inter
779 2852 847 2891 oon·
861 2848 894 2898 25

59 2934 193 2997 stantem,
207 2944 347 2999 severum,
362 2937 391 2985 et
404 2945 528 3004 gravem.
568 2928 686 2991 Quibus
700 2929 848 2988 blanditiis

54 3019 94 3080 0·
108 3021 240 3100 Papirius
261 3041 354 3101 nuper
375 3023 521 3088 influebat
539 3024 577 3087 iu
596 3044 688 3086 aures
700 3021 883 3082 oonoxon'xss

245 3120 268 3179 9
281 3119 299 3157 s
