<?xml version="1.0" encoding="UTF-8"?>
<!DOCTYPE html PUBLIC "-//W3C//DTD XHTML 1.0 Transitional//EN"
    "http://www.w3.org/TR/xhtml1/DTD/xhtml1-transitional.dtd">
<html xmlns="http://www.w3.org/1999/xhtml" xml:lang="en" lang="en">
 <head>
  <title>
</title>
<meta http-equiv="Content-Type" content="text/html;charset=utf-8" />
  <meta name='ocr-system' content='tesseract 3.04.00' />
  <meta name='ocr-capabilities' content='ocr_page ocr_carea ocr_par ocr_line ocrx_word'/>
</head>
<body>
  <div class='ocr_page' id='page_1' title='image "./mtciceronisdeof00dillgoog/mtciceronisdeof00dillgoog_0088.png"; bbox 0 0 1904 3750; ppageno 0'>
   <div class='ocr_carea' id='block_1_1' title="bbox 52 225 900 300">
    <p class='ocr_par' dir='ltr' id='par_1_1' title="bbox 52 225 900 300">
     <span class='ocr_line' id='line_1_1' title="bbox 52 225 900 300; baseline 0.005 -16"><span class='ocrx_word' id='word_1_1' title='bbox 52 231 119 300; x_wconf 73' lang='lat' dir='ltr'>tt]</span> <span class='ocrx_word' id='word_1_2' title='bbox 360 233 404 283; x_wconf 84' lang='lat' dir='ltr'>nn</span> <span class='ocrx_word' id='word_1_3' title='bbox 426 235 571 285; x_wconf 83' lang='lat' dir='ltr'>orrrcns</span> <span class='ocrx_word' id='word_1_4' title='bbox 859 225 900 288; x_wconf 73' lang='grc'>79</span> 
     </span>
    </p>
   </div>
   <div class='ocr_carea' id='block_1_2' title="bbox 55 384 901 2978">
    <p class='ocr_par' dir='ltr' id='par_1_2' title="bbox 55 384 901 1333">
     <span class='ocr_line' id='line_1_2' title="bbox 55 384 853 462; baseline -0.001 -17"><span class='ocrx_word' id='word_1_5' title='bbox 55 406 104 445; x_wconf 86' lang='lat' dir='ltr'>ruo</span> <span class='ocrx_word' id='word_1_6' title='bbox 125 385 380 444; x_wconf 83' lang='lat' dir='ltr'>collocandamm.</span> <span class='ocrx_word' id='word_1_7' title='bbox 421 385 525 462; x_wconf 86' lang='lat' dir='ltr'>Itaque</span> <span class='ocrx_word' id='word_1_8' title='bbox 548 384 660 444; x_wconf 82' lang='lat' dir='ltr'>ridetur</span> <span class='ocrx_word' id='word_1_9' title='bbox 683 385 786 445; x_wconf 87' lang='lat' dir='ltr'>eadem</span> <span class='ocrx_word' id='word_1_10' title='bbox 809 385 853 444; x_wconf 84' lang='lat' dir='ltr'>ris</span> 
     </span>
     <span class='ocr_line' id='line_1_3' title="bbox 56 481 852 542; baseline 0.001 -2"><span class='ocrx_word' id='word_1_11' title='bbox 56 484 165 542; x_wconf 82' lang='lat' dir='ltr'>ordinis</span> <span class='ocrx_word' id='word_1_12' title='bbox 185 493 217 540; x_wconf 89' lang='lat' dir='ltr'>et</span> <span class='ocrx_word' id='word_1_13' title='bbox 238 481 443 540; x_wconf 81' lang='lat' dir='ltr'>collocationis</span> <span class='ocrx_word' id='word_1_14' title='bbox 464 483 535 541; x_wconf 86' lang='lat' dir='ltr'>fore.</span> <span class='ocrx_word' id='word_1_15' title='bbox 576 483 654 542; x_wconf 84' lang='lat' dir='ltr'>Nam</span> <span class='ocrx_word' id='word_1_16' title='bbox 672 493 702 541; x_wconf 89' lang='lat' dir='ltr'>et</span> <span class='ocrx_word' id='word_1_17' title='bbox 719 484 852 541; x_wconf 87' lang='lat' dir='ltr'>ordinem</span> 
     </span>
     <span class='ocr_line' id='line_1_4' title="bbox 58 580 853 656; baseline 0.001 -18"><span class='ocrx_word' id='word_1_18' title='bbox 58 581 95 639; x_wconf 84' lang='lat' dir='ltr'>sic</span> <span class='ocrx_word' id='word_1_19' title='bbox 129 580 287 651; x_wconf 89' lang='lat' dir='ltr'>definiunt,</span> <span class='ocrx_word' id='word_1_20' title='bbox 317 580 557 654; x_wconf 76' lang='lat' dir='ltr'>compositionem</span> <span class='ocrx_word' id='word_1_21' title='bbox 592 598 688 639; x_wconf 91' lang='lat' dir='ltr'>rerum</span> <span class='ocrx_word' id='word_1_22' title='bbox 722 582 795 656; x_wconf 92' lang='lat' dir='ltr'>aptis</span> <span class='ocrx_word' id='word_1_23' title='bbox 822 592 853 639; x_wconf 90' lang='lat' dir='ltr'>et</span> 
     </span>
     <span class='ocr_line' id='line_1_5' title="bbox 59 675 850 751; baseline 0.001 -16"><span class='ocrx_word' id='word_1_24' title='bbox 59 677 285 735; x_wconf 87' lang='lat' dir='ltr'>accommodatis</span> <span class='ocrx_word' id='word_1_25' title='bbox 317 675 399 734; x_wconf 89' lang='lat' dir='ltr'>locis.</span> <span class='ocrx_word' id='word_1_26' title='bbox 440 676 552 737; x_wconf 90' lang='lat' dir='ltr'>Locum</span> <span class='ocrx_word' id='word_1_27' title='bbox 587 688 683 736; x_wconf 89' lang='lat' dir='ltr'>autem</span> <span class='ocrx_word' id='word_1_28' title='bbox 717 679 850 751; x_wconf 86' lang='lat' dir='ltr'>actionis,</span> 
     </span>
     <span class='ocr_line' id='line_1_6' title="bbox 58 774 883 851; baseline 0.004 -21"><span class='ocrx_word' id='word_1_29' title='bbox 58 774 304 850; x_wconf 79' lang='lat' dir='ltr'>opportunitatem</span> <span class='ocrx_word' id='word_1_30' title='bbox 328 774 465 848; x_wconf 89' lang='lat' dir='ltr'>temporis</span> <span class='ocrx_word' id='word_1_31' title='bbox 485 792 549 832; x_wconf 90' lang='lat' dir='ltr'>esse</span> <span class='ocrx_word' id='word_1_32' title='bbox 569 775 678 833; x_wconf 87' lang='lat' dir='ltr'>dicunt.</span> <span class='ocrx_word' id='word_1_33' title='bbox 720 774 883 851; x_wconf 83' lang='lat' dir='ltr'>Tempus5</span> 
     </span>
     <span class='ocr_line' id='line_1_7' title="bbox 59 871 851 946; baseline -0.004 -18"><span class='ocrx_word' id='word_1_34' title='bbox 59 884 152 929; x_wconf 89' lang='lat' dir='ltr'>autem</span> <span class='ocrx_word' id='word_1_35' title='bbox 181 871 309 928; x_wconf 80' lang='lat' dir='ltr'>actionis</span> <span class='ocrx_word' id='word_1_36' title='bbox 343 881 534 945; x_wconf 89' lang='lat' dir='ltr'>opportunum</span> <span class='ocrx_word' id='word_1_37' title='bbox 567 873 671 931; x_wconf 83' lang='lat' dir='ltr'>Graece</span> <span class='ocrx_word' id='word_1_38' title='bbox 704 877 851 946; x_wconf 71' lang='grc' dir='ltr'><strong><em>Εὐκαίρια,</em></strong></span> 
     </span>
     <span class='ocr_line' id='line_1_8' title="bbox 58 967 852 1044; baseline 0 -18"><span class='ocrx_word' id='word_1_39' title='bbox 58 967 159 1026; x_wconf 78' lang='lat' dir='ltr'>latine</span> <span class='ocrx_word' id='word_1_40' title='bbox 181 968 344 1044; x_wconf 78' lang='lat' dir='ltr'>appellatur</span> <span class='ocrx_word' id='word_1_41' title='bbox 365 969 481 1026; x_wconf 75' lang='lat' dir='ltr'>occasio.</span> <span class='ocrx_word' id='word_1_42' title='bbox 523 969 575 1026; x_wconf 87' lang='lat' dir='ltr'>Sic</span> <span class='ocrx_word' id='word_1_43' title='bbox 596 969 637 1040; x_wconf 88' lang='lat' dir='ltr'>fit,</span> <span class='ocrx_word' id='word_1_44' title='bbox 659 978 691 1025; x_wconf 94' lang='lat' dir='ltr'>ut</span> <span class='ocrx_word' id='word_1_45' title='bbox 710 969 852 1027; x_wconf 89' lang='lat' dir='ltr'>modestia</span> 
     </span>
     <span class='ocr_line' id='line_1_9' title="bbox 58 1064 854 1141; baseline 0.001 -20"><span class='ocrx_word' id='word_1_46' title='bbox 58 1064 128 1138; x_wconf 77' lang='lat' dir='ltr'>haec,</span> <span class='ocrx_word' id='word_1_47' title='bbox 149 1084 237 1140; x_wconf 86' lang='lat' dir='ltr'>quam</span> <span class='ocrx_word' id='word_1_48' title='bbox 262 1065 307 1121; x_wconf 90' lang='lat' dir='ltr'>ita</span> <span class='ocrx_word' id='word_1_49' title='bbox 327 1064 558 1141; x_wconf 85' lang='lat' dir='ltr'>interpretamur,</span> <span class='ocrx_word' id='word_1_50' title='bbox 580 1075 612 1122; x_wconf 91' lang='lat' dir='ltr'>ut</span> <span class='ocrx_word' id='word_1_51' title='bbox 638 1065 708 1136; x_wconf 84' lang='lat' dir='ltr'>dixi,</span> <span class='ocrx_word' id='word_1_52' title='bbox 730 1066 854 1123; x_wconf 88' lang='lat' dir='ltr'>scientia</span> 
     </span>
     <span class='ocr_line' id='line_1_10' title="bbox 58 1161 853 1238; baseline -0.003 -19"><span class='ocrx_word' id='word_1_53' title='bbox 58 1163 92 1220; x_wconf 89' lang='lat' dir='ltr'>sit</span> <span class='ocrx_word' id='word_1_54' title='bbox 111 1161 341 1238; x_wconf 84' lang='lat' dir='ltr'>opportunitatis</span> <span class='ocrx_word' id='word_1_55' title='bbox 361 1161 532 1219; x_wconf 90' lang='lat' dir='ltr'>idoneorum</span> <span class='ocrx_word' id='word_1_56' title='bbox 554 1164 590 1220; x_wconf 89' lang='lat' dir='ltr'>ad</span> <span class='ocrx_word' id='word_1_57' title='bbox 616 1162 760 1238; x_wconf 84' lang='lat' dir='ltr'>agendum</span> <span class='ocrx_word' id='word_1_58' title='bbox 782 1172 853 1218; x_wconf 90' lang='lat' dir='ltr'>tem-</span> 
     </span>
     <span class='ocr_line' id='line_1_11' title="bbox 56 1267 901 1333; baseline 0 -17"><span class='ocrx_word' id='word_1_59' title='bbox 56 1276 166 1333; x_wconf 89' lang='lat' dir='ltr'>porum.</span> <span class='ocrx_word' id='word_1_60' title='bbox 868 1267 901 1316; x_wconf 81' lang='lat'>10</span> 
     </span>
    </p>

    <p class='ocr_par' dir='ltr' id='par_1_3' title="bbox 55 1353 898 2189">
     <span class='ocr_line' id='line_1_12' title="bbox 94 1353 853 1432; baseline -0.004 -18"><span class='ocrx_word' id='word_1_61' title='bbox 94 1357 153 1414; x_wconf 84' lang='lat' dir='ltr'>Sed</span> <span class='ocrx_word' id='word_1_62' title='bbox 174 1365 272 1432; x_wconf 89' lang='lat' dir='ltr'>potest</span> <span class='ocrx_word' id='word_1_63' title='bbox 293 1355 395 1412; x_wconf 88' lang='lat' dir='ltr'>eadem</span> <span class='ocrx_word' id='word_1_64' title='bbox 410 1374 473 1412; x_wconf 89' lang='lat' dir='ltr'>esse</span> <span class='ocrx_word' id='word_1_65' title='bbox 486 1355 647 1432; x_wconf 79' lang='lat' dir='ltr'>prudentiae</span> <span class='ocrx_word' id='word_1_66' title='bbox 661 1354 801 1426; x_wconf 87' lang='lat' dir='ltr'>definitio,</span> <span class='ocrx_word' id='word_1_67' title='bbox 816 1353 853 1421; x_wconf 83' lang='lat' dir='ltr'>de</span> 
     </span>
     <span class='ocr_line' id='line_1_13' title="bbox 56 1450 852 1529; baseline 0 -20"><span class='ocrx_word' id='word_1_68' title='bbox 56 1452 111 1526; x_wconf 72' lang='lat' dir='ltr'>qual</span> <span class='ocrx_word' id='word_1_69' title='bbox 137 1452 285 1529; x_wconf 90' lang='lat' dir='ltr'>principio</span> <span class='ocrx_word' id='word_1_70' title='bbox 319 1450 459 1510; x_wconf 83' lang='lat' dir='ltr'>diximus:</span> <span class='ocrx_word' id='word_1_71' title='bbox 495 1451 551 1509; x_wconf 91' lang='lat' dir='ltr'>hoo</span> <span class='ocrx_word' id='word_1_72' title='bbox 586 1462 682 1509; x_wconf 89' lang='lat' dir='ltr'>autem</span> <span class='ocrx_word' id='word_1_73' title='bbox 715 1451 781 1509; x_wconf 93' lang='lat' dir='ltr'>loco</span> <span class='ocrx_word' id='word_1_74' title='bbox 816 1451 852 1509; x_wconf 90' lang='lat' dir='ltr'>de</span> 
     </span>
     <span class='ocr_line' id='line_1_14' title="bbox 56 1549 852 1623; baseline 0.004 -19"><span class='ocrx_word' id='word_1_75' title='bbox 56 1549 256 1607; x_wconf 82' lang='lat' dir='ltr'>moderatione</span> <span class='ocrx_word' id='word_1_76' title='bbox 278 1558 309 1605; x_wconf 86' lang='lat' dir='ltr'>et</span> <span class='ocrx_word' id='word_1_77' title='bbox 328 1549 528 1623; x_wconf 69' lang='lat' dir='ltr'>temperantia,</span> <span class='ocrx_word' id='word_1_78' title='bbox 543 1559 572 1606; x_wconf 90' lang='lat' dir='ltr'>et</span> <span class='ocrx_word' id='word_1_79' title='bbox 590 1567 689 1607; x_wconf 88' lang='lat' dir='ltr'>earum</span> <span class='ocrx_word' id='word_1_80' title='bbox 710 1549 852 1607; x_wconf 90' lang='lat' dir='ltr'>similibus</span> 
     </span>
     <span class='ocr_line' id='line_1_15' title="bbox 56 1645 852 1723; baseline 0.006 -23"><span class='ocrx_word' id='word_1_81' title='bbox 56 1645 219 1718; x_wconf 75' lang='lat' dir='ltr'>virtutibus,</span> <span class='ocrx_word' id='word_1_82' title='bbox 244 1645 410 1720; x_wconf 86' lang='lat' dir='ltr'>quaerimus.</span> <span class='ocrx_word' id='word_1_83' title='bbox 461 1645 573 1721; x_wconf 86' lang='lat' dir='ltr'>Itaque,</span> <span class='ocrx_word' id='word_1_84' title='bbox 595 1666 658 1722; x_wconf 82' lang='lat' dir='ltr'>quae</span> <span class='ocrx_word' id='word_1_85' title='bbox 683 1657 765 1705; x_wconf 90' lang='lat' dir='ltr'>erant</span> <span class='ocrx_word' id='word_1_86' title='bbox 786 1667 852 1723; x_wconf 91' lang='lat' dir='ltr'>pru·</span> 
     </span>
     <span class='ocr_line' id='line_1_16' title="bbox 56 1741 898 1825; baseline 0.002 -28"><span class='ocrx_word' id='word_1_87' title='bbox 56 1741 161 1825; x_wconf 75' lang='lat' dir='ltr'>dentiae</span> <span class='ocrx_word' id='word_1_88' title='bbox 179 1743 310 1819; x_wconf 89' lang='lat' dir='ltr'>propria,</span> <span class='ocrx_word' id='word_1_89' title='bbox 324 1743 458 1800; x_wconf 89' lang='lat' dir='ltr'>suoloco</span> <span class='ocrx_word' id='word_1_90' title='bbox 472 1742 647 1802; x_wconf 88' lang='lat' dir='ltr'>dictasunt:</span> <span class='ocrx_word' id='word_1_91' title='bbox 669 1763 732 1819; x_wconf 84' lang='lat' dir='ltr'>quae</span> <span class='ocrx_word' id='word_1_92' title='bbox 754 1755 850 1802; x_wconf 86' lang='lat' dir='ltr'>autem</span> <span class='ocrx_word' id='word_1_93' title='bbox 866 1750 898 1799; x_wconf 82' lang='lat'>15</span> 
     </span>
     <span class='ocr_line' id='line_1_17' title="bbox 57 1836 849 1917; baseline 0.006 -22"><span class='ocrx_word' id='word_1_94' title='bbox 57 1836 157 1898; x_wconf 88' lang='lat' dir='ltr'>barum</span> <span class='ocrx_word' id='word_1_95' title='bbox 185 1840 336 1911; x_wconf 87' lang='lat' dir='ltr'>virtutum,</span> <span class='ocrx_word' id='word_1_96' title='bbox 364 1839 401 1896; x_wconf 87' lang='lat' dir='ltr'>de</span> <span class='ocrx_word' id='word_1_97' title='bbox 428 1840 532 1914; x_wconf 90' lang='lat' dir='ltr'>quibus</span> <span class='ocrx_word' id='word_1_98' title='bbox 556 1841 667 1917; x_wconf 84' lang='lat' dir='ltr'>jamdiu</span> <span class='ocrx_word' id='word_1_99' title='bbox 694 1842 849 1917; x_wconf 90' lang='lat' dir='ltr'>loquimur,</span> 
     </span>
     <span class='ocr_line' id='line_1_18' title="bbox 55 1934 850 2012; baseline 0.003 -18"><span class='ocrx_word' id='word_1_100' title='bbox 55 1955 118 2011; x_wconf 80' lang='lat' dir='ltr'>quae</span> <span class='ocrx_word' id='word_1_101' title='bbox 144 1937 296 2012; x_wconf 85' lang='lat' dir='ltr'>pertinent</span> <span class='ocrx_word' id='word_1_102' title='bbox 324 1934 358 1993; x_wconf 86' lang='lat' dir='ltr'>ad</span> <span class='ocrx_word' id='word_1_103' title='bbox 387 1937 600 2010; x_wconf 85' lang='lat' dir='ltr'>verecundiam,</span> <span class='ocrx_word' id='word_1_104' title='bbox 629 1948 659 1996; x_wconf 90' lang='lat' dir='ltr'>et</span> <span class='ocrx_word' id='word_1_105' title='bbox 686 1939 722 1996; x_wconf 88' lang='lat' dir='ltr'>ad</span> <span class='ocrx_word' id='word_1_106' title='bbox 748 1958 850 1997; x_wconf 90' lang='lat' dir='ltr'>eorum</span> 
     </span>
     <span class='ocr_line' id='line_1_19' title="bbox 56 2032 851 2109; baseline 0.003 -19"><span class='ocrx_word' id='word_1_107' title='bbox 56 2033 305 2109; x_wconf 81' lang='lat' dir='ltr'>approbationem,</span> <span class='ocrx_word' id='word_1_108' title='bbox 332 2032 505 2107; x_wconf 86' lang='lat' dir='ltr'>quibuscum</span> <span class='ocrx_word' id='word_1_109' title='bbox 536 2034 667 2106; x_wconf 81' lang='lat' dir='ltr'>vivimus,</span> <span class='ocrx_word' id='word_1_110' title='bbox 694 2054 774 2093; x_wconf 91' lang='lat' dir='ltr'>nunc</span> <span class='ocrx_word' id='word_1_111' title='bbox 808 2035 851 2092; x_wconf 91' lang='lat' dir='ltr'>di·</span> 
     </span>
     <span class='ocr_line' id='line_1_20' title="bbox 56 2130 240 2189; baseline 0.011 -3"><span class='ocrx_word' id='word_1_112' title='bbox 56 2130 149 2187; x_wconf 88' lang='lat' dir='ltr'>cenda</span> <span class='ocrx_word' id='word_1_113' title='bbox 162 2141 240 2189; x_wconf 89' lang='lat' dir='ltr'>sunt.</span> 
     </span>
    </p>

    <p class='ocr_par' dir='ltr' id='par_1_4' title="bbox 55 2225 898 2978">
     <span class='ocr_line' id='line_1_21' title="bbox 93 2225 898 2302; baseline -0.001 -17"><span class='ocrx_word' id='word_1_114' title='bbox 93 2226 179 2285; x_wconf 83' lang='lat' dir='ltr'>Talis</span> <span class='ocrx_word' id='word_1_115' title='bbox 199 2236 244 2284; x_wconf 87' lang='lat' dir='ltr'>est</span> <span class='ocrx_word' id='word_1_116' title='bbox 269 2225 356 2302; x_wconf 83' lang='lat' dir='ltr'>igitur</span> <span class='ocrx_word' id='word_1_117' title='bbox 383 2227 456 2285; x_wconf 93' lang='lat' dir='ltr'>ordo</span> <span class='ocrx_word' id='word_1_118' title='bbox 483 2227 631 2286; x_wconf 89' lang='lat' dir='ltr'>actionum</span> <span class='ocrx_word' id='word_1_119' title='bbox 659 2226 848 2297; x_wconf 84' lang='lat' dir='ltr'>adhibendus,</span> <span class='ocrx_word' id='word_1_120' title='bbox 865 2235 898 2284; x_wconf 76' lang='lat'>20</span> 
     </span>
     <span class='ocr_line' id='line_1_22' title="bbox 55 2322 850 2399; baseline 0 -19"><span class='ocrx_word' id='word_1_121' title='bbox 55 2334 95 2394; x_wconf 90' lang='lat' dir='ltr'>ut,</span> <span class='ocrx_word' id='word_1_122' title='bbox 115 2323 363 2399; x_wconf 87' lang='lat' dir='ltr'>quemadmodum</span> <span class='ocrx_word' id='word_1_123' title='bbox 384 2323 414 2381; x_wconf 90' lang='lat' dir='ltr'>in</span> <span class='ocrx_word' id='word_1_124' title='bbox 433 2325 564 2382; x_wconf 84' lang='lat' dir='ltr'>oratione</span> <span class='ocrx_word' id='word_1_125' title='bbox 585 2324 740 2394; x_wconf 88' lang='lat' dir='ltr'>constanti,</span> <span class='ocrx_word' id='word_1_126' title='bbox 754 2322 798 2379; x_wconf 91' lang='lat' dir='ltr'>sic</span> <span class='ocrx_word' id='word_1_127' title='bbox 819 2323 850 2380; x_wconf 91' lang='lat' dir='ltr'>in</span> 
     </span>
     <span class='ocr_line' id='line_1_23' title="bbox 55 2420 848 2496; baseline 0.004 -20"><span class='ocrx_word' id='word_1_128' title='bbox 55 2421 122 2490; x_wconf 81' lang='lat' dir='ltr'>vitri,</span> <span class='ocrx_word' id='word_1_129' title='bbox 143 2421 245 2478; x_wconf 91' lang='lat' dir='ltr'>omnia</span> <span class='ocrx_word' id='word_1_130' title='bbox 265 2420 323 2477; x_wconf 88' lang='lat' dir='ltr'>sint</span> <span class='ocrx_word' id='word_1_131' title='bbox 346 2431 411 2496; x_wconf 89' lang='lat' dir='ltr'>apta</span> <span class='ocrx_word' id='word_1_132' title='bbox 431 2422 505 2480; x_wconf 90' lang='lat' dir='ltr'>inter</span> <span class='ocrx_word' id='word_1_133' title='bbox 533 2440 564 2478; x_wconf 89' lang='lat' dir='ltr'>se</span> <span class='ocrx_word' id='word_1_134' title='bbox 588 2430 617 2477; x_wconf 91' lang='lat' dir='ltr'>et</span> <span class='ocrx_word' id='word_1_135' title='bbox 638 2420 848 2479; x_wconf 84' lang='lat' dir='ltr'>convenientia.</span> 
     </span>
     <span class='ocr_line' id='line_1_24' title="bbox 55 2517 864 2594; baseline -0.001 -20"><span class='ocrx_word' id='word_1_136' title='bbox 55 2517 155 2594; x_wconf 90' lang='lat' dir='ltr'>Turpe</span> <span class='ocrx_word' id='word_1_137' title='bbox 169 2528 214 2574; x_wconf 90' lang='lat' dir='ltr'>est</span> <span class='ocrx_word' id='word_1_138' title='bbox 228 2517 317 2588; x_wconf 86' lang='lat' dir='ltr'>enim,</span> <span class='ocrx_word' id='word_1_139' title='bbox 332 2517 470 2592; x_wconf 89' lang='lat' dir='ltr'>valdeque</span> <span class='ocrx_word' id='word_1_140' title='bbox 484 2518 628 2589; x_wconf 86' lang='lat' dir='ltr'>vitiosum,</span> <span class='ocrx_word' id='word_1_141' title='bbox 645 2517 675 2575; x_wconf 91' lang='lat' dir='ltr'>iu</span> <span class='ocrx_word' id='word_1_142' title='bbox 693 2536 724 2574; x_wconf 90' lang='lat' dir='ltr'>re</span> <span class='ocrx_word' id='word_1_143' title='bbox 739 2517 864 2588; x_wconf 74' lang='lat' dir='ltr'>several,</span> 
     </span>
     <span class='ocr_line' id='line_1_25' title="bbox 55 2613 849 2689; baseline -0.001 -18"><span class='ocrx_word' id='word_1_144' title='bbox 55 2614 182 2671; x_wconf 86' lang='lat' dir='ltr'>convivii</span> <span class='ocrx_word' id='word_1_145' title='bbox 212 2614 301 2684; x_wconf 89' lang='lat' dir='ltr'>dicta,</span> <span class='ocrx_word' id='word_1_146' title='bbox 332 2623 380 2670; x_wconf 89' lang='lat' dir='ltr'>aut</span> <span class='ocrx_word' id='word_1_147' title='bbox 407 2615 563 2673; x_wconf 90' lang='lat' dir='ltr'>delicatum</span> <span class='ocrx_word' id='word_1_148' title='bbox 590 2614 715 2689; x_wconf 88' lang='lat' dir='ltr'>aliquem</span> <span class='ocrx_word' id='word_1_149' title='bbox 743 2613 849 2670; x_wconf 81' lang='lat' dir='ltr'>inferre</span> 
     </span>
     <span class='ocr_line' id='line_1_26' title="bbox 55 2709 897 2783; baseline 0 -16"><span class='ocrx_word' id='word_1_150' title='bbox 55 2729 226 2769; x_wconf 88' lang='lat' dir='ltr'>sermonem.</span> <span class='ocrx_word' id='word_1_151' title='bbox 268 2710 349 2768; x_wconf 85' lang='lat' dir='ltr'>Bene</span> <span class='ocrx_word' id='word_1_152' title='bbox 371 2710 510 2783; x_wconf 87' lang='lat' dir='ltr'>Pericles,</span> <span class='ocrx_word' id='word_1_153' title='bbox 532 2731 598 2770; x_wconf 90' lang='lat' dir='ltr'>cum</span> <span class='ocrx_word' id='word_1_154' title='bbox 620 2711 739 2768; x_wconf 86' lang='lat' dir='ltr'>haberet</span> <span class='ocrx_word' id='word_1_155' title='bbox 763 2709 849 2767; x_wconf 89' lang='lat' dir='ltr'>colle·</span> <span class='ocrx_word' id='word_1_156' title='bbox 864 2709 897 2760; x_wconf 75' lang='lat'>25</span> 
     </span>
     <span class='ocr_line' id='line_1_27' title="bbox 55 2807 848 2884; baseline 0.001 -20"><span class='ocrx_word' id='word_1_157' title='bbox 55 2825 122 2884; x_wconf 82' lang='lat' dir='ltr'>gam</span> <span class='ocrx_word' id='word_1_158' title='bbox 143 2807 174 2864; x_wconf 89' lang='lat' dir='ltr'>in</span> <span class='ocrx_word' id='word_1_159' title='bbox 193 2807 320 2882; x_wconf 74' lang='lat' dir='ltr'>praeturd</span> <span class='ocrx_word' id='word_1_160' title='bbox 348 2808 524 2883; x_wconf 90' lang='lat' dir='ltr'>Sophoclem</span> <span class='ocrx_word' id='word_1_161' title='bbox 550 2812 676 2884; x_wconf 72' lang='lat' dir='ltr'>politam,</span> <span class='ocrx_word' id='word_1_162' title='bbox 697 2807 785 2882; x_wconf 88' lang='lat' dir='ltr'>hique</span> <span class='ocrx_word' id='word_1_163' title='bbox 811 2807 848 2865; x_wconf 91' lang='lat' dir='ltr'>de</span> 
     </span>
     <span class='ocr_line' id='line_1_28' title="bbox 55 2905 849 2978; baseline 0 -16"><span class='ocrx_word' id='word_1_164' title='bbox 55 2905 205 2962; x_wconf 89' lang='lat' dir='ltr'>communi</span> <span class='ocrx_word' id='word_1_165' title='bbox 227 2905 324 2963; x_wconf 87' lang='lat' dir='ltr'>officio</span> <span class='ocrx_word' id='word_1_166' title='bbox 345 2907 557 2978; x_wconf 87' lang='lat' dir='ltr'>convenissent,</span> <span class='ocrx_word' id='word_1_167' title='bbox 572 2916 602 2962; x_wconf 88' lang='lat' dir='ltr'>et</span> <span class='ocrx_word' id='word_1_168' title='bbox 621 2924 691 2963; x_wconf 84' lang='lat' dir='ltr'>casu</span> <span class='ocrx_word' id='word_1_169' title='bbox 708 2905 849 2963; x_wconf 88' lang='lat' dir='ltr'>formosus</span> 
     </span>
    </p>
   </div>
   <div class='ocr_carea' id='block_1_3' title="bbox 52 3000 871 3088">
    <p class='ocr_par' dir='ltr' id='par_1_5' title="bbox 52 3000 871 3088">
     <span class='ocr_line' id='line_1_29' title="bbox 52 3000 871 3088; baseline 0 -26"><span class='ocrx_word' id='word_1_170' title='bbox 52 3017 127 3076; x_wconf 78' lang='lat' dir='ltr'>puer</span> <span class='ocrx_word' id='word_1_171' title='bbox 140 3000 311 3076; x_wconf 75' lang='lat' dir='ltr'>preteriret,</span> <span class='ocrx_word' id='word_1_172' title='bbox 328 3000 510 3086; x_wconf 80' lang='lat' dir='ltr'>dixissetque</span> <span class='ocrx_word' id='word_1_173' title='bbox 530 3003 712 3088; x_wconf 77' lang='lat' dir='ltr'>Sophocles,</span> <span class='ocrx_word' id='word_1_174' title='bbox 721 3003 781 3068; x_wconf 70' lang='lat' dir='ltr'>“O</span> <span class='ocrx_word' id='word_1_175' title='bbox 792 3021 871 3084; x_wconf 76' lang='lat' dir='ltr'>pue·</span> 
     </span>
    </p>
   </div>
   <div class='ocr_carea' id='block_1_4' title="bbox 0 0 956 3750">
    <p class='ocr_par' dir='ltr' id='par_1_6' title="bbox 0 0 956 3750">
     <span class='ocr_line' id='line_1_30' title="bbox 0 0 956 3750; baseline 0 0"><span class='ocrx_word' id='word_1_176' title='bbox 0 0 956 3750; x_wconf 95' lang='lat' dir='ltr'> </span> 
     </span>
    </p>
   </div>
  </div>
 </body>
</html>
