1934 3398
91 224 131 285 60
403 233 446 280 DE
467 232 613 280 omens.
854 234 896 294 [Ia.
905 235 929 283 Ι.

136 399 212 452 nem,
227 399 339 457 semper
353 380 383 438 in
396 393 527 457 promptu
542 381 657 452 habere,
670 389 808 455 quantum
819 391 928 442 natura

138 476 262 533 hominis
282 476 441 552 pecudibus
456 476 628 550 reliquisque
642 475 746 533 belluis
760 478 923 536 antecedat.

136 572 197 630 Illae
218 573 288 629 nihil
310 573 445 643 sentiunt,
461 572 517 628 nisi
532 572 721 647 voluptatem;
744 573 779 629 ad
800 591 925 648 eamque

136 669 263 727 feruntur
278 669 356 726 omni
371 669 497 744 impetu:
520 669 645 725 hominis
661 680 755 725 eutem
770 687 852 734 mens
866 670 927 728 dis·

104 766 227 824 ncendo
247 766 341 837 alitur,
361 776 390 823 et
414 765 584 842 cogitando;
607 785 718 841 semper
743 765 849 840 aliquid
873 777 926 826 aut

124 863 268 937 anquirit,
284 872 332 918 aut
353 862 411 938 agit
420 882 427 931 ;
450 862 619 935 videndique
634 873 662 918 et
677 861 812 918 audiendi
826 861 928 921 delec-

133 959 240 1016 tatione
255 959 377 1016 ducitur.
418 958 599 1029 Quinetiam,
614 958 638 1014 si
652 957 714 1032 quis
728 967 771 1014 est
783 958 869 1034 paulo
885 959 924 1016 ad

133 1056 293 1131 voluptates
313 1055 489 1131 propensior,
510 1056 594 1111 modo
612 1073 649 1110 ne
668 1054 704 1110 sit
723 1072 758 1110 ex
773 1055 922 1130 pecudum

134 1172 250 1229 genere,
267 1152 347 1229 (sunt
367 1151 444 1207 enim
465 1151 579 1225 quidam
595 1151 725 1207 homines
738 1169 797 1206 non
812 1169 853 1222 re,
868 1151 922 1208 sed

88 1257 119 1308 10
134 1249 265 1326 nomine)
280 1248 330 1304 sed
351 1247 374 1303 si
396 1246 460 1321 quis
481 1256 524 1302 est
544 1246 630 1321 paulo
644 1246 776 1316 erectior,
791 1247 923 1321 quamvis

134 1345 278 1419 voluptate
299 1343 437 1418 capiatur,
453 1343 580 1399 occultat
598 1352 626 1399 et
640 1342 799 1399 dissimulat
814 1343 923 1418 appeti·

133 1448 194 1496 tum
214 1439 374 1513 voluptatis,
402 1448 516 1513 propter
542 1439 754 1496 verecundiam.
795 1438 841 1495 Ex
861 1458 921 1515 quo

133 1533 311 1609 intelligitur,
333 1534 461 1608 corporis
483 1534 655 1608 voluptatem
679 1553 736 1591 non
764 1535 833 1592 satis
854 1553 920 1592 esse

133 1629 248 1705 dignam
267 1629 390 1685 hominis
403 1631 578 1705 praestantid,
594 1648 713 1704 eamque
728 1631 875 1687 contemni
888 1641 919 1688 et

87 1735 118 1783 15
132 1725 213 1800 rejici
232 1735 379 1800 oportere:
402 1725 446 1781 sin
461 1725 498 1782 sit
512 1725 662 1800 quispiam,
672 1724 728 1800 ‘qui
748 1725 853 1800 aliquid
869 1727 920 1784 tri-

132 1822 200 1877 buat
215 1821 362 1896 voluptati,
377 1821 530 1898 diligenter
551 1822 578 1877 ei
598 1821 756 1878 tenendum
774 1841 836 1878 esse
854 1823 917 1898 ejus

131 1917 258 1974 l'ruendae
280 1918 405 1975 modum.
447 1917 548 1992 Itaque
566 1918 659 1974 victus
683 1917 832 1992 cultusque
855 1939 918 1978 cor·

130 2014 206 2090 poris
220 2014 255 2071 ad
270 2015 461 2071 valetudinem
482 2014 651 2085 reserantur,
666 2024 694 2070 et
709 2014 744 2070 ad
759 2015 842 2085 vireo,
857 2034 917 2073 non

132 2111 166 2168 ad
181 2111 361 2187 voluptatem.
404 2112 500 2186 Atque
518 2111 615 2180 etiam,
630 2110 654 2166 si
676 2111 857 2167 considerare
871 2131 918 2169 vo-

82 2207 116 2263 20
130 2208 234 2278 lumus,
249 2227 311 2283 quae
325 2208 361 2264 sit
375 2208 405 2264 in
419 2208 522 2265 naturai
542 2207 712 2264 excellentia
732 2217 760 2262 et
779 2206 915 2281 dignitas,

130 2303 332 2381 intelligemus,
347 2323 432 2379 quarn
453 2304 489 2361 sit
509 2315 591 2377 turpe
605 2303 734 2359 diffluere
748 2302 869 2372 luxurie,
885 2314 916 2361 et

129 2401 252 2458 delicate
268 2420 301 2458 ac
319 2401 441 2458 molliter
458 2401 568 2470 vivere;
590 2416 732 2474 quamque
751 2399 913 2472 honestum,

127 2515 224 2572 parce,
239 2497 429 2568 continenter,
445 2516 551 2568 severe,
566 2496 669 2553 sobrie.

168 2591 391 2670 Intelligendum
413 2602 456 2649 est
477 2593 573 2663 etiam,
587 2592 698 2649 duabus
719 2593 799 2667 quasi
820 2612 873 2650 nos
897 2613 915 2653 a

24 2704 26 2709 ’
82 2705 114 2756 25
128 2691 231 2746 natura
252 2688 367 2746 indutos
388 2707 451 2745 esse
472 2689 618 2764 personis;
648 2707 768 2762 quarum
789 2708 847 2746 una
868 2702 914 2747 est

71 2800 73 2804 ’
127 2787 296 2858 communis,
315 2805 349 2842 ex
370 2805 405 2844 eo
425 2786 501 2861 quod
521 2803 620 2843 omnes
638 2784 793 2859 participes
813 2805 914 2846 sumus

126 2881 256 2985 regionis,
279 2883 505 2960 praestantiaeque
532 2882 603 2957 ejus,
626 2881 683 2955 qui
710 2882 911 2941 antecellimus

122 2977 232 3048 bestiis,
249 2998 266 3037 a
286 2979 343 3055 qud
362 2998 446 3038 omne
468 2979 620 3037 honesturn
641 2977 834 3055 decorumque
855 2988 914 3038 tre·
