1904 3750
80 208 137 268 168
412 212 455 260 DE
477 209 621 257 OFFICllS.
815 204 855 265 [lt.
864 202 910 253 111.

124 364 200 423 enirn
222 363 251 420 id
271 371 314 419 est
335 360 438 432 celare,
453 359 592 435 quidquid
606 356 743 414 reticens:
765 355 815 413 sed
830 374 908 428 curn,

124 459 199 535 qnod
212 468 243 515 tu
258 457 342 529 scias,
357 457 387 513 id
401 457 534 532 ignorare
553 452 738 511 emolumenti
758 452 800 510 tui
820 452 911 511 causd.

123 555 194 612 velis
208 572 267 626 eos,
282 572 404 629 quorum
424 552 536 610 intersit
556 551 585 608 id
606 550 689 607 scire.
732 549 799 606 Hoc
814 559 910 607 autem

124 651 238 709 celandi
258 669 349 728 genus
369 650 453 724 quale
473 649 520 720 sit,
539 658 568 705 et
589 648 671 723 cujus
692 646 825 718 hominis,
846 647 914 722 quis

92 761 181 809 anon
204 747 301 803 videtl
355 745 442 802 Certe
468 763 527 801 non
555 744 653 819 aperti,
675 761 732 800 non
760 742 914 819 simplicis,

123 861 181 900 uon
209 841 338 919 ingenui,
359 860 416 898 non
439 840 518 916 justi,
539 858 598 897 non
619 838 671 895 viri
693 838 778 909 boni;
803 838 910 898 versuti

123 938 230 1014 potins,
244 937 370 1007 obscuri,
387 937 481 1008 astuti,
502 936 621 1006 fallacis,
641 935 787 1007 malitiosi,
802 934 914 1007 callidi,

124 1035 300 1106 veteratoris,
316 1034 393 1091 vafri.
435 1033 509 1090 Haec
528 1042 571 1089 tot
591 1042 620 1089 et
635 1031 690 1089 alia
709 1032 801 1107 plura,
815 1050 916 1090 nonne

126 1130 227 1187 inutile
241 1142 293 1201 est,
308 1130 439 1187 vitiorum
455 1129 551 1185 subire
565 1128 702 1185 nominal

81 1336 111 1384 10
165 1322 246 1380 XIV.
267 1322 358 1384 Quod
379 1321 403 1378 si
423 1321 602 1397 vituperandi
624 1331 699 1393 sunt,
722 1321 770 1395 qui
790 1320 915 1378 reticue-

126 1430 202 1490 runt,
218 1419 286 1493 quid
301 1419 336 1474 de
352 1418 387 1474 iis
407 1418 628 1475 existimandum
643 1428 695 1489 est,
710 1418 759 1494 qui
773 1417 912 1475 orationis

126 1516 279 1573 vanitatem
303 1514 512 1572 adhibuerunt?
554 1515 588 1573 C.
604 1515 723 1587 Canius,
745 1533 832 1590 eques
852 1514 914 1571 Ro-

126 1629 238 1680 manus,
253 1629 309 1666 nec
330 1610 481 1681 infacetus,
496 1621 524 1668 et
545 1612 613 1667 satis
634 1611 772 1683 literatus,
794 1630 861 1668 curn
882 1629 914 1667 se

128 1709 294 1782 Syracusas,
314 1706 423 1762 otiandi
446 1705 491 1782 (ut
511 1708 571 1783 ipse
592 1708 688 1764 dicere
709 1708 832 1785 solebat)
854 1726 912 1764 non

81 1826 111 1875 15
128 1803 294 1879 negotiandi
315 1804 412 1875 causti,
434 1806 612 1876 contulisset,
628 1806 786 1876 dictitabat,
802 1825 832 1861 se
852 1806 915 1862 hor·

127 1900 203 1958 tulos
225 1898 335 1972 aliquos
355 1900 427 1955 velle
448 1920 553 1972 emere,
575 1921 631 1976 quo
652 1902 772 1958 invitare
795 1902 913 1972 amicos,

128 2006 156 2053 et
171 1997 219 2053 ubi
235 2015 265 2051 se
282 1996 427 2053 oblectare
446 1998 506 2054 sine
527 1998 795 2074 interpellatoribus,
810 2006 913 2073 posset.

128 2093 218 2155 Quod
247 2113 312 2151 curn
340 2095 559 2169 percrebuisset,
586 2094 706 2170 Pythius
733 2094 760 2151 ei
788 2094 914 2168 quidam,

129 2191 176 2265 qui
193 2192 383 2268 argentariam
405 2192 511 2249 faceret
529 2192 689 2265 Syracusis,
705 2191 785 2261 dixit,
800 2190 915 2247 venales

82 2313 114 2361 20
131 2288 246 2360 quidem
274 2307 304 2344 se
332 2288 430 2344 hortos
456 2306 514 2367 non
541 2288 656 2358 habere,
682 2287 731 2344 sed
758 2287 847 2344 licere
873 2287 915 2343 uti

131 2383 235 2456 Cani0,
257 2384 281 2440 si
306 2384 398 2454 vellet,
421 2394 452 2440 nt
476 2384 551 2441 suis:
582 2394 611 2440 et
634 2384 718 2441 sirnul
744 2383 778 2439 ad
804 2402 916 2439 coenam

132 2479 278 2537 hominem
299 2480 328 2537 in
350 2480 446 2537 hortos
467 2480 595 2537 invitavit
616 2480 644 2536 in
663 2490 807 2554 posterum
829 2479 915 2536 diem.

132 2575 208 2632 Cum
233 2577 281 2633 ille
304 2576 488 2651 promisisset,
513 2586 574 2633 turn
597 2575 717 2652 Pythius
744 2572 806 2651 (qui
831 2585 917 2643 esset,

132 2681 164 2728 ut
186 2674 372 2749 argentarius,
395 2673 469 2748 apud
493 2692 593 2729 omnes
618 2671 733 2729 ordines
759 2671 916 2749 gratiosus)

81 2787 116 2834 25
130 2768 290 2841 piscatores
305 2768 339 2824 ad
354 2787 384 2825 se
398 2769 576 2840 convocavit,
591 2778 620 2825 et
641 2767 677 2825 ab
698 2766 743 2823 his
762 2766 871 2843 petivit,
887 2776 919 2823 ut

123 2873 194 2918 ante
214 2885 283 2923 suos
305 2865 432 2924 hortulos
451 2865 589 2942 postridie
612 2864 809 2940 piscarentur:
838 2863 917 2920 dixit·

111 2972 182 3031 que,
201 2963 274 3039 quid
292 2984 345 3023 eos
361 2964 462 3025 lacere
477 2963 573 3023 vellet.
613 2960 660 3021 bd
672 2980 784 3019 conant
794 2970 916 3035 tempore
