1904 3750
230 279 369 339 cuorus,
385 278 460 327 srva:
480 279 525 327 on
542 279 702 328 autenm.
863 270 902 347 91

51 441 135 504 sunt,
163 441 193 488 et
220 441 269 488 aut
296 431 426 488 Deorum
452 441 501 489 aut
527 450 630 510 regum
653 431 707 490 filii
734 431 854 504 inventi,

54 529 183 587 retinent
196 538 293 586 tamen
309 529 459 586 caritatem
474 529 505 586 in
518 539 659 606 pastores,
674 548 746 606 quos
758 539 856 605 patres

54 626 164 683 multos
178 645 270 683 annos
283 645 347 683 esse
368 626 520 685 duxerunt.
561 627 653 689 Quod
674 627 791 702 quidem
812 636 856 684 est

51 721 149 780 multo
161 722 292 798 profecto
306 722 399 799 magis
413 723 444 780 in
458 723 533 781 veris
546 723 687 799 patribus,
700 723 854 798 certisque,

53 819 234 877 laciendum.
277 818 404 877 Fructus
428 820 506 877 enim
534 821 644 897 ingenii
671 831 701 878 et
728 821 888 893 virtuose

50 916 210 991 omnisque
222 917 406 992 praestantiae,
422 926 483 974 tum
497 917 639 975 maximus
651 918 774 994 capitur,
788 937 856 976 cum

53 1013 89 1071 in
102 1014 265 1090 proximum
280 1031 424 1088 quemque
438 1013 596 1072 confertur.
654 1003 656 1006 ’

99 1205 170 1264 ΧΧ.
198 1206 238 1264 Ut
260 1207 348 1283 igitur
371 1206 402 1278 ii,
423 1207 472 1281 qui
495 1218 562 1265 sunt
584 1208 614 1266 in
637 1207 772 1266 amicitie
787 1227 856 1265 con·

49 1304 273 1381 junctionisque
288 1305 504 1362 necessitudine
519 1305 692 1381 superiores,
705 1323 856 1380 exaequare

50 1421 89 1458 se
114 1420 182 1458 cum
203 1401 389 1473 inferioribus
413 1402 538 1472 debent;
560 1403 604 1460 sic
626 1402 778 1460 inferiores
796 1421 855 1460 non
873 1410 904 1458 10

58 1498 167 1569 dolere,
190 1517 221 1554 se
249 1518 266 1554 a
293 1499 352 1554 suis
376 1509 424 1555 aut
445 1498 564 1576 ingenio
590 1510 639 1557 aut
661 1499 778 1556 fortuni
807 1511 856 1558 aut

54 1594 200 1671 dignitate
224 1596 371 1669 superari:
402 1614 524 1670 quorum
550 1597 681 1672 plerique
711 1607 759 1654 aut
788 1616 857 1672 que·

59 1702 160 1748 runtur
181 1710 294 1766 semper
320 1692 437 1766 aliquid,
467 1703 516 1750 aut
543 1694 631 1750 etiam
660 1695 853 1769 exprobrant3

53 1806 153 1861 seoque
183 1788 285 1864 magis,
316 1788 340 1844 si
365 1789 472 1846 habere
496 1810 527 1847 se
557 1801 669 1866 putant,
692 1792 770 1866 quod
798 1791 858 1848 offi-

60 1883 141 1940 ciose
155 1894 184 1939 et
199 1883 301 1955 amice,
316 1895 426 1941 etcum
445 1884 544 1943 labore
560 1887 656 1961 aliquo
671 1907 733 1958 suo,
749 1887 856 1944 factum
874 1894 905 1942 15

53 1991 169 2055 queant
183 1980 290 2038 dicere.
333 1981 476 2038 Odiosum
498 2001 568 2039 sane
588 2002 681 2058 genus
696 1984 856 2054 hominum,

61 2078 159 2135 officia
178 2079 428 2153 exprobrantium3
455 2099 518 2154 quae
539 2080 705 2136 meminisse
726 2080 812 2137 debet
833 2080 858 2137 is

61 2174 92 2232 in
117 2193 202 2250 quem
227 2176 334 2233 collata
357 2186 434 2247 sunt,
460 2195 519 2233 non
544 2195 783 2249 commemorare,
808 2178 858 2251 qui

61 2272 193 2330 contulit.

99 2368 301 2430 Quamobrem
317 2377 348 2425 ut
363 2369 393 2440 ii,
406 2368 454 2443 qui
470 2369 634 2444 superiores
648 2380 725 2441 sunt,
740 2370 859 2427 submit·
873 2380 905 2428 20

60 2476 122 2523 tere
144 2485 175 2523 se
199 2466 307 2522 debent
335 2466 365 2522 in
394 2466 533 2539 amicitiai,
555 2467 598 2524 sic
623 2467 747 2541 quodam
771 2468 858 2524 modo

61 2562 213 2620 inferiores
239 2562 386 2620 extollere.
442 2564 518 2620 Sunt
545 2564 623 2621 enim
652 2564 780 2638 quidam,
809 2564 858 2638 qui

61 2659 196 2716 molestas
209 2660 351 2716 amicitias
367 2660 486 2731 faciunt,
501 2680 569 2717 cum
584 2660 638 2735 ipsi
659 2681 690 2718 se
710 2661 859 2718 contemni

59 2767 182 2833 putant3
210 2757 287 2831 quod
315 2775 374 2813 non
399 2757 459 2813 fere
487 2757 641 2834 contingit,
665 2758 722 2816 nisi
751 2758 786 2815 iis
810 2759 859 2833 qui

61 2854 149 2911 etiam
177 2854 408 2910 contemnendos
439 2872 471 2910 se
500 2854 692 2926 arbitrantur;
723 2855 773 2930 qui
804 2855 859 2913 hac
874 2863 906 2912 25

62 2951 210 3026 opinione,
238 2969 298 3007 uon
325 2951 413 3007 modo
440 2951 545 3023 verbis,
568 2952 619 3010 sed
647 2953 740 3012 etiam
763 2972 873 3026 opere,

59 3045 174 3106 levandi
187 3057 263 3106 sunt
