1904 3750
323 266 366 313 nc
386 264 587 313 sannorum.
861 253 901 312 53

68 413 184 489 quidem
198 431 243 470 me
257 415 489 489 proficiscentem
503 413 580 472 haud
601 431 670 471 saue
690 413 754 489 quis
769 412 854 470 facile

68 511 228 582 retraxerit,
257 530 359 586 neque,
387 521 523 586 tanquam
553 510 673 582 Peliam,
700 510 852 568 recoxerit.

67 607 159 668 Quod
180 607 205 664 si
229 608 292 683 quis
316 607 397 687 Deus
424 608 495 665 mihi
517 608 664 684 largiatur,
680 616 711 664 ut
738 626 773 663 ex
799 605 854 663 hac

67 712 151 760 etate
165 723 374 779 repuerascam,
390 705 458 761 etin
473 704 556 761 cunis
570 704 692 780 vagiam,
707 703 789 760 valde
813 721 855 759 re·

68 818 183 856 cusem:
205 819 261 857 nec
275 819 342 857 vero
356 801 451 872 velim,
466 801 547 876 quusi
561 801 685 858 decurso
699 799 801 875 spatio,
818 798 854 856 ad
869 805 885 855 5
901 812 904 817 ·

66 915 200 953 carceres
215 917 231 954 a
245 897 325 954 calce
340 896 476 954 revocari.

106 992 188 1054 Quid
203 993 279 1050 enim
295 994 381 1049 habet
395 994 453 1049 vita
466 992 628 1050 commodii
650 992 718 1067 quid
733 1011 791 1049 non
805 1009 855 1066 po·

68 1089 126 1147 tius
152 1089 276 1146 laboris?
326 1089 384 1146 Sed
412 1090 516 1146 habeat
543 1107 628 1145 sane:
663 1087 750 1145 habet
776 1098 855 1145 certe

59 1182 165 1243 ‘tamen
188 1197 236 1243 aut
260 1186 431 1257 satietatem,
456 1195 504 1242 aut
523 1184 648 1242 modum.
689 1183 760 1240 Non
775 1185 855 1241 lubet

69 1282 145 1341 enim
167 1281 238 1339 mihi
265 1282 412 1357 deplorare
437 1282 537 1352 vitam,
559 1281 635 1356 quod
660 1280 753 1351 multi,
778 1289 807 1336 et
834 1279 855 1336 ii
870 1290 902 1340 10

65 1379 157 1449 docti,
172 1397 247 1453 saepe
262 1378 401 1435 fecerunt.
443 1377 547 1453 Neque
570 1397 616 1434 me
638 1377 741 1433 vixisse
763 1376 854 1451 poeni·
943 1450 948 1458 Ι

51 1465 125 1545 ’ῐθη
147 1475 282 1550 quoniam
297 1475 336 1532 ita
350 1475 417 1546 vixi,
433 1487 465 1532 ut
485 1493 543 1531 non
566 1475 670 1531 frustra
690 1492 736 1529 me
756 1483 856 1529 natum

65 1571 246 1628 existimem:
268 1581 296 1626 et
316 1590 352 1627 ex
371 1571 430 1628 vus
451 1571 493 1627 ita
514 1571 642 1641 discedo,
664 1580 798 1644 tunquam
821 1587 858 1625 ex

69 1667 204 1742 hospitio,
220 1686 279 1723 non
299 1677 433 1742 tanquam
456 1686 492 1723 ex
512 1667 607 1723 domo.
649 1665 857 1723 Commorandi

70 1763 147 1819 enim
171 1775 274 1820 natura
295 1764 480 1820 diversorium
506 1762 683 1834 nobis,1n0n
708 1761 903 1824 habitandir5

69 1859 176 1929 locum,
191 1859 279 1916 dedit.
320 1858 348 1915 Ο
361 1860 530 1934 praeclarum
545 1859 631 1930 diem,
647 1878 713 1915 cum
729 1859 764 1915 ad
786 1857 856 1916 illud

70 1955 197 2012 divinum
224 1955 382 2012 animorum
408 1955 565 2012 concilium
591 1964 753 2029 cretumque
773 1954 858 2029 profi·

70 2052 174 2122 ciscur,
189 2070 312 2126 cumque
327 2071 362 2108 ex
376 2052 431 2109 hac
447 2051 530 2108 turbi
545 2060 573 2106 et
587 2049 750 2107 colluvione
765 2049 857 2108 disce·

70 2149 154 2205 dam!
196 2148 367 2206 Proficiscar
382 2148 469 2218 enim,
485 2165 544 2203 non
560 2145 594 2202 ad
609 2165 659 2202 eos
670 2146 761 2202 solum
772 2145 857 2214 viros,

70 2245 106 2300 de
120 2244 223 2319 quibus
239 2254 304 2300 ante
319 2244 387 2315 dixi,
403 2242 555 2300 sedetiam
577 2242 612 2298 ad
633 2241 777 2299 Catonem
798 2259 857 2297 me·
873 2246 905 2294 20

70 2360 129 2410 um,
144 2359 201 2414 quo
215 2359 302 2396 nemo
318 2341 359 2396 vir
373 2340 475 2397 melior
489 2348 574 2396 natus
589 2350 641 2408 est,
657 2356 743 2393 nemo
751 2337 859 2411 pietate

70 2437 268 2513 praestantior:
291 2437 405 2513 cujusa
425 2456 470 2493 me
492 2455 598 2512 corpus
619 2444 777 2492 crematum
799 2443 857 2503 est;

71 2534 148 2608 quod
162 2544 263 2590 eontra
277 2533 375 2589 decuit
391 2534 426 2589 ab
441 2533 490 2589 illo
501 2552 604 2589 meum.
647 2531 772 2588 Animus
781 2549 859 2601 veru,

72 2648 131 2686 non
148 2648 194 2684 me
209 2629 354 2700 deserens,
370 2628 420 2684 sed
435 2640 612 2702 respectans,
628 2628 657 2684 in
678 2647 713 2684 ea
732 2626 862 2702 profecto

71 2727 139 2782 loca
154 2725 295 2796 discessit,
310 2746 366 2801 quo
380 2724 452 2781 mihi
462 2724 516 2799 ipsi
526 2725 662 2780 cernebat
673 2742 735 2779 esse
747 2722 862 2778 venien·
876 2727 907 2776 25

72 2822 151 2879 dum.
191 2821 292 2882 Quem
315 2840 370 2896 ego
398 2839 494 2877 meum
522 2838 621 2876 casum
649 2819 759 2875 fortiter
787 2818 861 2874 serre

73 2918 150 2976 visus
164 2937 246 2986 sum;
269 2935 328 2972 nou
349 2915 426 2991 quod
447 2933 529 2990 aequo
551 2914 647 2971 animo
668 2914 789 2971 serrem:
811 2912 862 2970 sed

270 3012 322 3071 5*
