1904 3750
67 233 93 279 n.
104 231 137 291 n]
361 225 402 272 nu
421 224 568 275 osnrcns.
873 214 911 279 lt

107 373 168 431 Sed
182 371 335 449 injustitiae
349 392 456 450 genera
468 374 527 431 duo
541 383 626 444 sunt3
647 390 738 432 unum
752 390 865 447 eorum,

70 471 117 545 qui
138 470 290 540 inserunt;
314 470 433 527 alterurn
454 489 564 543 eurum,
579 470 638 546 qui,
654 471 690 528 ab
710 470 745 528 iis
759 471 865 546 quibus

72 567 200 639 insertur,
209 567 235 624 si
243 567 367 642 possint,
376 567 610 644 n'onpropulsant
620 568 762 644 injuriam.
784 567 864 627 Nam

72 664 120 737 qui
139 665 247 740 injuste
269 663 410 738 impetum
431 664 461 722 in
481 665 645 740 quempiam
663 664 742 736 facit,
758 674 806 724 aut
819 665 864 723 ird

74 771 120 817 aut
134 761 229 836 aliqud
243 761 462 836 perturbatione
473 761 619 834 incitatus,
632 762 656 819 is
665 761 747 837 quasi
761 781 864 821 manue
876 777 894 828 5

74 857 172 914 afferre
193 858 308 915 videtur
331 857 427 914 socio:
455 858 504 932 qui
529 868 623 916 autem
644 877 703 916 non
723 858 863 931 defendit,

73 972 128 1010 nec
148 955 271 1025 obsistit,
288 954 313 1011 si
333 964 437 1030 potest,
453 954 574 1030 injuriae,
589 965 647 1013 tam
667 965 712 1013 est
731 955 762 1013 in
781 955 862 1029 vitio,

75 1068 158 1123 quam
172 1051 195 1107 si
208 1060 356 1127 parenteS,
369 1061 417 1107 aut
429 1051 561 1126 patriam,
574 1060 622 1108 aut
633 1052 727 1109 socios
742 1052 862 1112 deserat.

71 1147 168 1222 Atque
188 1147 246 1205 illae
268 1148 384 1222 quidem
407 1147 527 1223 injuriae,
543 1166 606 1222 quae
627 1148 754 1205 nocendi
775 1148 863 1206 causi

70 1244 105 1299 de
131 1244 276 1301 industrii
302 1243 472 1316 inseruntur,
498 1263 573 1319 saepe
595 1264 612 1301 a
635 1254 714 1301 metu
736 1244 864 1320 proficis·
878 1250 909 1302 1⁰

69 1351 191 1411 cuntur3
215 1359 281 1397 cum
297 1340 332 1411 is,
348 1341 395 1415 qui
412 1360 518 1399 nocere
540 1341 621 1398 alteri
636 1340 756 1417 cogitat,
770 1339 863 1414 timet,

68 1456 115 1509 ne,
134 1437 191 1495 nisi
214 1437 244 1493 id
265 1437 377 1509 fecerit,
393 1437 453 1512 ipse
475 1438 570 1513 aliquo
593 1421 733 1496 afficiatur
754 1437 864 1495 incoru-

69 1534 166 1590 modc.
210 1532 369 1591 Maximam
387 1544 482 1591 autem
499 1544 610 1610 partem
625 1535 660 1591 ad
675 1534 808 1612 injuriam
823 1534 863 1592 fa·

68 1630 205 1687 ciendam
228 1630 444 1708 aggrediuntur,
463 1640 494 1688 ut
515 1631 709 1706 adipiscantur
730 1650 774 1703 ea,
798 1651 861 1707 quae

67 1727 318 1804 concupiverunt:
340 1727 371 1784 in
396 1746 453 1802 quo
466 1727 536 1786 vitio
553 1727 692 1787 latissime
704 1738 784 1805 patet
798 1747 861 1787 ava·
876 1735 908 1786 15

68 1836 143 1882 rutra.

109 2017 193 2075 VIII.
216 2017 399 2093 Expetuntur
420 2029 515 2075 autem
536 2017 641 2076 divitiae
661 2037 728 2076 curn
742 2018 777 2076 ad
792 2037 861 2077 usus

71 2115 135 2172 vitae
149 2115 341 2183 necessarios,
357 2124 417 2170 tum
436 2115 472 2171 ad
491 2115 678 2190 perfruendas
691 2114 860 2190 voluptates.

68 2211 104 2269 In
119 2212 226 2286 quibus
241 2221 338 2268 autem
352 2211 442 2286 maj'or
453 2220 497 2268 est
509 2211 630 2283 animus,
640 2210 669 2267 in
681 2210 716 2267 iis
729 2210 861 2285 pecunia

69 2308 215 2383 cupiditas
235 2316 348 2384 spectat
363 2307 398 2364 ad
415 2326 493 2383 opes,
509 2316 538 2366 et
559 2309 595 2364 ad
615 2305 798 2384 gratificandi
822 2305 862 2363 sa·
875 2305 908 2356 2⁰

68 2404 225 2476 cultatem3
250 2414 282 2462 ut
304 2422 395 2478 nuper
414 2403 455 2460 M.
473 2404 595 2462 Crassus
618 2403 751 2480 negabat,
773 2401 862 2458 ullam

69 2488 140 2557 satis
161 2519 294 2577 maguam
315 2500 470 2575 pecuniam
485 2517 548 2556 esse
562 2499 590 2557 ei
605 2498 653 2574 qui
668 2499 698 2556 in
712 2495 862 2572 republicis

68 2597 206 2672 princeps
228 2596 315 2653 vellet
342 2613 415 2665 esse,
437 2594 519 2670 cujus
541 2594 681 2652 fructibus
701 2591 861 2649 exercitum

69 2694 147 2752 alere
161 2713 219 2753 non
232 2701 339 2769 posset.
381 2691 537 2749 Delectant
550 2692 637 2749 etiam
652 2688 799 2767 magnifici
814 2708 861 2765 ap·

67 2800 196 2866 paratus,
211 2791 334 2864 vitaeque
356 2788 451 2845 cultus
471 2806 538 2846 cum
554 2786 698 2864 elegantiis
712 2794 742 2844 et
755 2785 859 2863 cupid:
874 2793 907 2845 25

68 2887 174 2963 quibus
195 2889 282 2944 rebus
303 2885 439 2943 effectum
463 2894 515 2957 est,
540 2893 572 2942 ut
593 2882 706 2940 infinita
728 2882 861 2960 pecuniae

66 2983 211 3061 cupiditas
228 2991 317 3045 esset.
358 2979 391 3043 N
392 2999 427 3042 ec
440 3000 510 3046 vero
529 2979 576 3046 rai
593 2977 757 3064 {erudiaris
766 2976 868 3061 asupi-
