1904 3750
375 251 463 298 cero
482 249 598 311 muron,
619 249 682 299 seu

131 398 216 456 abeo
230 407 314 456 sunt:
335 384 487 456 nonenim
503 418 603 457 aurum
618 399 734 470 habere,
748 397 921 474 preclarum

130 494 186 552 sibi
206 495 298 552 videri
317 495 407 565 dixit;
437 495 488 552 sed
510 496 554 568 iis,
576 496 625 571 qui
646 495 785 553 haberent
806 514 921 567 aurum,

130 588 279 667 imperare.
334 590 489 648 Poteratne
516 600 613 649 tantus
641 591 753 649 animus
787 610 846 649 non
877 592 922 668 ju·

130 686 256 744 condam
270 687 386 745 efficere
400 689 604 745 senectuteml

98 792 114 839 5
169 782 228 838 Sed
243 783 328 840 venio
350 783 385 840 ad
401 783 552 859 agricolas,
567 802 604 841 ne
620 802 636 840 a
649 783 760 859 meipso
774 785 919 842 recedam.

129 876 164 934 In
186 879 262 955 agris
283 889 365 936 erant
385 889 447 936 tum
467 891 624 952 senatoreS,
646 891 675 937 et
703 881 790 937 iidem
818 900 919 938 senes:

129 973 272 1049 siquidem
294 976 386 1034 manti
407 976 440 1033 L.
460 976 587 1039 Quintio
608 976 786 1034 Cincinnato
806 977 921 1035 nuntia-

129 1079 191 1127 tum
215 1082 268 1144 est,
291 1091 358 1129 eum
386 1073 559 1130 dictatorem
586 1091 649 1130 esse
678 1073 804 1130 lactum:
837 1073 921 1148 cujus

129 1167 279 1226 dictatoris
297 1169 389 1246 jussu,
412 1170 547 1247 magister
568 1169 697 1245 equitum
722 1170 756 1227 C.
779 1170 920 1227 Servilius

82 1274 113 1324 10
129 1265 225 1323 Ahala
246 1268 295 1343 Sp.
317 1265 458 1338 Maelium,
480 1285 600 1343 regnum
623 1275 815 1342 appetentem,
831 1285 919 1324 occu-

127 1371 227 1437 patum
249 1362 402 1420 interemit.
451 1363 480 1418 A
500 1362 568 1419 villa
589 1363 619 1418 in
639 1372 772 1419 senatum
795 1381 921 1419 arcesse-

127 1457 235 1514 bantur
255 1467 284 1515 et
305 1458 412 1515 Curius
432 1468 462 1516 et
482 1457 580 1516 caeteri
601 1477 703 1516 senes:
724 1477 761 1515 ex
780 1477 848 1533 quo,
869 1459 920 1533 qui

127 1572 176 1609 eos
198 1555 392 1626 arcessebant,
414 1555 537 1612 viatores
557 1554 699 1611 nominati
719 1564 817 1637 sunt3r
837 1553 919 1612 Num

127 1648 214 1723 igitur
235 1668 335 1705 eorum
356 1661 491 1706 senectus
518 1649 690 1706 miserabilis
718 1636 790 1720 suit,
810 1651 859 1726 qui
887 1669 919 1707 se

80 1757 111 1806 15
127 1744 187 1820 agri
217 1745 344 1801 cultione
369 1746 576 1802 oblectabant?
619 1745 688 1803 Met
713 1747 830 1821 quidem
855 1765 919 1803 sen·

125 1840 227 1913 tentiis,
250 1842 328 1899 haud
348 1842 420 1913 scio,
444 1862 479 1899 an
501 1842 560 1899 ulla
580 1843 691 1900 beatior
715 1862 779 1899 esse
805 1844 916 1918 possit:

125 1956 219 2012 neque
240 1938 333 1995 solum
347 1939 454 2010 officio,
470 1939 547 2014 quod
570 1940 718 1996 hominum
740 1940 840 2016 generi
855 1939 918 1996 uni·

125 2053 208 2091 verso
229 2036 342 2092 cultura
363 2054 496 2112 agrorum
517 2046 560 2093 est
581 2036 723 2106 salutaris,
745 2037 796 2092 sed
817 2047 846 2092 et
869 2036 917 2093 de·

125 2131 281 2189 lectatione
304 2132 402 2208 (quam
430 2132 514 2212 dixi),
540 2143 568 2189 et
595 2132 745 2189 saturitate
773 2133 916 2207 copiaque

78 2229 255 2293 200mnium
275 2247 381 2298 rerum,
407 2247 470 2303 quae
499 2228 534 2285 ad
562 2228 670 2285 victum
698 2227 857 2299 hominum,
880 2227 915 2284 ad

125 2325 235 2382 cultum
257 2325 344 2381 etiam
366 2325 505 2395 Deorum,
526 2324 685 2399 pertinent:
714 2334 756 2395 ut,
778 2325 915 2398 quoniam

124 2420 187 2477 haec
201 2420 316 2495 quidam
332 2421 506 2489 desiderant,
522 2420 552 2477 in
572 2419 694 2495 gratiam
712 2419 773 2494 jam
788 2438 854 2476 cum
870 2439 916 2477 vo·

100 2515 232 2591 *luptate
253 2516 413 2573 redeamus.
463 2517 583 2590 Semper
605 2515 682 2572 enim
704 2515 773 2572 boni
796 2515 915 2572 assidui·

124 2630 180 2685 que
202 2612 311 2669 domini
332 2612 438 2668 referta
458 2612 532 2668 cella
552 2611 672 2683 vinaria,
693 2611 811 2683 olearia,
827 2612 914 2668 etiam

77 2712 109 2760 25
122 2709 243 2781 penaria
257 2719 316 2778 est3
339 2709 461 2783 villaque
483 2718 544 2765 tota
557 2708 688 2784 locuples
702 2719 763 2765 est:
787 2707 914 2764 abundat

122 2821 223 2877 porco,
238 2804 331 2875 haedo,
347 2824 432 2880 agno,
453 2805 571 2881 galline,
593 2804 679 2876 lacte,
701 2822 796 2874 caseo,
818 2803 912 2860 melle.

122 2896 188 2957 Jam
216 2902 330 2958 hortum
359 2901 412 2977 ipsi
442 2901 575 2977 agricola
604 2901 764 2958 succidiam
794 2900 913 2958 alteram
