1904 3750
215 285 354 347 annua,
376 286 451 334 srva
474 286 517 334 nn
533 285 692 334 nurerum.
858 266 899 328 95

57 435 239 512 potissimum
254 438 389 516 diligunt,
404 439 559 515 exquibus
576 439 693 514 sperant
713 454 745 495 se
765 435 853 494 maxi·

57 552 136 592 mum
162 534 287 594 fructum
311 555 374 593 esse
397 547 540 613 capturos.
589 535 636 593 Ita
656 533 853 612 pulcherrima

57 631 151 715 illast
165 633 289 690 maxime
305 634 431 692 naturali
445 644 546 692 carent
560 634 698 706 amicitiai,
713 652 764 710 per
778 652 809 690 se
823 642 853 690 et

56 738 173 805 propter
187 749 218 787 se
229 731 407 806 expetenda:
429 750 486 790 nec
500 731 555 808 ipsi
569 732 625 790 sibi
634 731 766 808 exemplo
775 740 851 803 sunt,

57 825 120 883 haec
134 826 178 884 vis
193 827 328 886 amicitiae
341 829 434 904 qualis
445 838 474 886 et
488 830 596 905 quanta
609 829 654 887 sit.
696 827 763 905 Ipse
774 828 852 887 enim
865 834 882 884 5

57 923 222 999 aequisque
236 925 341 1002 diligit,
356 945 416 983 non
437 936 469 984 ut
490 926 613 1001 aliquam
630 944 690 983 ase
704 926 766 1002 ipse
780 945 853 984 mer·

56 1020 158 1077 cedem
173 1023 270 1100 exigat
287 1022 418 1080 caritatis
438 1041 507 1095 suae,
523 1022 573 1080 sed
589 1023 665 1097 quod
679 1041 730 1098 per
751 1043 782 1081 se
796 1023 852 1081 sibi

55 1117 176 1193 quisque
191 1138 276 1177 carus
290 1130 352 1177 est:
374 1119 452 1196 quod
472 1120 529 1177 nisi
550 1120 627 1177 idem
648 1120 679 1176 in
695 1120 853 1178 amicitiam

55 1214 253 1288 transferatur,
268 1236 352 1274 verus
376 1218 486 1275 amicus
508 1235 655 1293 uunquam
677 1217 851 1292 reperietur·

41 1296 99 1369 cst
112 1312 190 1370 enim
205 1313 229 1370 is
243 1315 360 1388 quidem
374 1325 511 1389 tanquam
526 1313 597 1372 alter
612 1314 718 1371 idem.
733 1368 737 1373 .
867 1323 899 1373 10

92 1410 184 1470 Quod
198 1411 224 1468 si
234 1411 291 1468 hoc
305 1421 422 1487 apparet
433 1412 462 1468 in
474 1411 584 1483 bestiis,
596 1411 773 1483 volucribus,
783 1430 854 1469 nan·

54 1505 141 1579 tibus,
158 1509 328 1585 agrestibus,
344 1509 502 1580 cicuribus,
523 1508 600 1580 feris,
621 1508 744 1584 primum
767 1519 799 1566 ut
822 1527 853 1566 se

55 1602 124 1679 ipsae
135 1605 258 1682 diligant
271 1604 316 1681 (id
327 1607 405 1665 enim
415 1607 523 1682 pariter
533 1626 599 1664 curn
610 1606 690 1665 omni
705 1606 853 1664 animante

55 1700 210 1779 nascitur),
226 1701 342 1773 deinde,
354 1713 386 1760 ut
400 1704 547 1779 requirant
562 1714 646 1780 atque
659 1713 804 1779 appetant,
817 1704 853 1760 ad

55 1816 179 1872 quassa
204 1799 359 1874 applicent,
383 1800 511 1876 ejusdem
534 1801 649 1878 generis
674 1801 851 1870 animantes3
868 1800 899 1850 15

55 1893 144 1968 idque
171 1894 282 1953 faciunt
310 1915 376 1954 cum
405 1897 561 1970 desiderio,
580 1908 609 1955 et
634 1916 700 1955 cum
728 1898 852 1973 quddam

55 1990 245 2049 similitudine
261 1992 365 2051 amoris
386 1993 522 2064 humani;
545 2003 653 2068 quanto
667 1993 697 2050 id
715 1993 808 2069 magis
822 1993 853 2050 in

55 2088 174 2146 homine
185 2090 216 2146 fit
230 2091 344 2162 naturd,
354 2091 402 2166 qui
412 2101 441 2148 et
455 2110 486 2148 se
502 2091 563 2165 ipse
577 2090 681 2166 diligit,
691 2099 720 2147 et
732 2090 853 2147 alterum

56 2185 192 2260 anquirit,
208 2187 291 2264 cujus
306 2188 434 2246 animum
456 2188 497 2245 ita
519 2206 586 2245 cum
607 2205 660 2244 suo
674 2186 806 2257 misceat,
821 2195 854 2244 ut

54 2282 163 2341 efficiat
175 2304 258 2359 paene
272 2303 362 2342 unum
376 2305 412 2342 ex
426 2285 558 2342 duobusl
867 2290 900 2340 ΞΟ

95 2476 198 2535 XXII.
242 2478 300 2535 Sed
317 2479 446 2554 plerique
466 2498 600 2555 perverse
615 2477 666 2554 (ne
681 2478 787 2550 dicam,
803 2477 855 2536 im·

54 2573 211 2654 pudenter)
236 2575 361 2633 amicum
384 2577 491 2634 habere
514 2576 600 2634 talem
623 2575 733 2646 volunt,
755 2573 855 2650 quales

56 2670 112 2746 ipsi
131 2690 195 2728 esse
209 2691 267 2729 non
278 2684 417 2748 possunt:
441 2692 559 2750 quaeque
574 2672 628 2749 ipsi
643 2692 702 2730 non
723 2671 855 2728 tribuunt

56 2767 169 2840 amicis,
193 2769 256 2826 haec
280 2771 315 2826 ab
340 2770 376 2826 iis
391 2770 565 2827 desiderant.
608 2770 664 2827 Par
679 2779 722 2827 est
748 2778 854 2841 autem,

54 2866 180 2941 primum
205 2867 298 2943 ipsum
322 2885 385 2924 esse
400 2867 493 2924 virum
517 2867 634 2939 bonum,
650 2877 711 2924 tum
734 2865 853 2924 alterum
868 2871 901 2921 25

56 2963 180 3020 similem
195 2964 240 3022 sui
256 2983 393 3039 quarere.
435 2963 471 3021 In
488 2964 595 3022 talibus
615 2983 662 3036 ea,
675 2983 768 3039 quarn
787 2963 863 3036 'qam-

56 3058 163 3118 dudum
179 3071 346 3136 tractamus,
370 3062 520 3124 stabilitas
543 3062 689 3123 amicitia
711 3049 898 3117 euniumstrix
