1904 3750
345 285 388 332 ns
408 285 611 334 sannorum.
859 278 899 340 te

57 432 201 491 nectutis:
224 434 302 510 quod
317 454 384 493 oum
405 437 510 510 evenit,
526 438 644 497 satietas
657 439 723 497 vitre
737 451 851 517 tempus

57 539 203 588 maturum
217 533 319 589 mortis
334 533 423 591 affert.

97 721 184 781 XXI.
226 724 372 800 Equidem
399 745 459 785 non
486 727 581 800 video,
610 748 673 802 our,
698 729 768 806 quid
789 730 851 808 ipse

59 819 183 877 sentiam
211 820 247 878 de
274 833 378 894 morte,
402 841 461 880 non
487 824 608 882 audeam
631 827 712 883 vobis
735 827 850 898 dicere3
913 833 917 842 ’

48 917 136 990 ,φιοά
151 935 187 974 eo
201 917 306 975 melius
327 919 399 975 mihi
414 936 535 976 eernere
554 903 662 994 videor,
677 941 735 997 quo
758 924 794 980 ab
815 923 851 982 ei
865 925 881 975 5

29 1055 31 1059 .
56 1013 176 1088 propius
201 1015 310 1071 absum.
352 1014 418 1092 Ego
440 1025 549 1073 vestros
562 1027 668 1093 patres,
691 1019 723 1075 P.
740 1020 849 1096 Scipio,
914 1027 925 1071 ἰ

57 1117 156 1184 tuque,
178 1111 212 1168 C.
227 1110 310 1183 Laeli,
325 1111 402 1169 viros
423 1113 610 1185 clarissimos,
625 1114 754 1191 mihique
780 1116 850 1173 arni-

58 1206 202 1280 cissimos,
218 1208 314 1266 vivere
330 1209 463 1281 arbitror,
479 1220 508 1266 et
528 1229 593 1268 eam
615 1211 731 1285 quidem
751 1212 852 1290 vitam,

57 1321 121 1378 quae
142 1314 186 1361 est
207 1305 269 1362 sola
290 1306 349 1363 vita
366 1307 551 1364 nominanda.
593 1307 681 1388 Nam,
709 1308 778 1365 dum
806 1328 839 1365 su

57 1418 122 1458 mus
137 1401 167 1458 in
182 1402 227 1459 his
242 1402 348 1460 inclusi
370 1404 560 1480 compagibus
575 1405 715 1480 eorporis,
730 1424 849 1463 munere
867 1403 896 1454 10

56 1498 182 1571 quodam
197 1499 388 1571 necessitatis,
404 1510 433 1557 et
448 1500 528 1577 gravi
543 1519 630 1576 opere
638 1502 848 1578 perfungimur.

57 1593 110 1652 Est
124 1596 202 1652 enim
218 1597 330 1653 animus
345 1597 470 1654 ooelestis
484 1617 520 1654 ex
542 1598 681 1655 altissimo
697 1599 848 1656 domicilio

56 1691 220 1767 depressus,
242 1702 272 1750 et
293 1694 376 1768 quasi
398 1694 548 1752 demersus
569 1695 598 1752 in
620 1707 737 1768 terram,
752 1696 850 1754 locum

56 1787 161 1845 divinae
183 1800 303 1861 naturae,
326 1791 545 1866 aeternitatique,
564 1793 750 1850 eontrarium.
791 1793 850 1850 Sed

57 1885 155 1956 oredo,
171 1884 251 1942 Deos
266 1887 442 1944 immortales
457 1888 594 1962 sparsisse
610 1889 723 1946 animos
738 1889 768 1945 in
788 1908 851 1946 oor·
865 1906 896 1954 15

56 2000 128 2058 pora
151 1982 287 2053 humana,
309 1993 340 2040 ut
363 1994 469 2055 essent,
494 1984 543 2059 qui
571 1995 661 2041 terras
688 1996 848 2058 tuerentur,

57 2079 172 2153 quique,
189 2078 350 2135 eoelestium
371 2079 503 2136 ordinem
525 2080 765 2155 contemplantes,
788 2081 850 2139 imi·

56 2183 185 2231 tarentur
199 2194 266 2232 eum
282 2176 347 2232 vitae
362 2175 448 2231 modo
465 2186 549 2250 atque
565 2176 739 2232 constantii.
783 2175 849 2234 Neo

56 2288 103 2327 me
117 2272 209 2328 solum
224 2271 299 2329 ratio
314 2291 348 2328 aa
363 2271 518 2346 disputatio
534 2270 656 2346 impulit,
672 2281 703 2328 ut
724 2271 765 2329 ita
789 2291 850 2330 ere·

56 2366 165 2438 derem,
187 2368 238 2424 sed
260 2369 397 2425 nobilitas
417 2369 505 2425 etiam
526 2387 703 2425 summorum
724 2368 850 2444 philoso·
864 2372 896 2423 2⁰

55 2464 188 2539 phorum,
204 2475 233 2521 et
249 2465 414 2522 auotoritas.

97 2559 261 2617 Audiebam
284 2561 489 2638 Pythagoram,
514 2560 781 2637 Pythagoreosque,
806 2560 850 2617 in·

56 2655 136 2713 colas
150 2674 232 2731 paene
247 2668 370 2728 nostros,
387 2657 547 2731 quiessent
568 2655 665 2714 ltalioi
684 2656 849 2732 philosophi

56 2753 202 2827 quondam
217 2754 367 2824 nominati,
383 2772 531 2827 nunquam
554 2753 712 2824 dubitdsse,
727 2753 798 2829 quin
814 2772 850 2812 ex

56 2849 191 2907 universi
205 2861 302 2906 mente
317 2842 415 2906 divinia
437 2849 579 2908 delibatos
595 2850 706 2907 animos
732 2850 850 2909 habere·
863 2859 896 2910 25

56 2965 128 3004 mus.
183 2945 465 3005 Demonstrabantur
498 2946 569 3005 mihi
603 2957 756 3023 praterea,
785 2967 857 3019 quo„

56 3043 192 3102 Socrates
205 3063 342 3121 supremo
357 3043 425 3104 vitae
440 3043 491 3104 die
506 3043 545 3104 da
566 3041 807 3102 'immortalitate
817 3034 888 3088 uix-

247 3145 270 3202 5
