1904 3750
227 272 365 332 usurus,
384 274 457 320 srvn
477 273 520 319 ue
539 271 696 321 erumna
864 257 901 318 61

67 419 112 476 vel
133 419 236 497 glorid,
257 430 289 477 ut
308 421 380 477 nihil
400 430 498 497 posset
519 420 667 478 accedere.
708 417 855 477 Moriendi

69 527 164 574 autem
184 535 299 574 sensum
314 517 446 574 celeritas
461 516 593 575 abstulit:
614 534 671 592 quo
691 514 728 573 de
747 533 854 592 genere

68 611 169 669 mortis
189 612 306 669 difficile
327 612 407 670 dictu
427 621 489 682 est;
517 612 586 688 quid
610 612 741 669 homines
764 609 854 686 suspi-

67 718 180 780 centur,
192 708 302 766 videtis.
343 709 411 766 Hoc
424 719 520 766 tamen
535 726 601 765 vere
614 707 684 764 licet
697 706 804 779 dicere,
819 705 851 764 1²4

68 804 209 880 Scipioni,
233 823 269 861 ex
292 805 390 862 multis
414 805 526 876 diebus,
548 823 620 879 quos
644 804 674 862 in
697 804 757 861 vitri
778 802 884 861 cele-5

68 900 206 958 berrimos
226 901 442 976 laetissimosque
464 900 575 973 viderit,
597 900 678 957 illum
698 900 774 957 diem
795 900 852 958 cla·

67 997 211 1053 tissimum
235 997 332 1069 fuisse,
355 1016 432 1068 cum,
456 1007 558 1054 senatu
582 996 709 1068 dimisso,
733 997 851 1054 domum
928 1032 931 1037 -

66 1093 203 1150 reductus
218 1094 253 1150 ad
267 1112 416 1169 vesperum
430 1101 482 1164 est,
498 1093 655 1168 apatribus
669 1093 850 1167 conscriptis,

67 1207 84 1245 u
103 1189 202 1263 populi
222 1188 348 1246 Romani
369 1188 456 1245 sociis
476 1199 505 1245 et
526 1187 646 1258 Latinis,
660 1187 752 1263 pridie
766 1207 850 1262 quam

65 1285 189 1342 excessit
203 1304 219 1341 e
234 1285 312 1342 vital:
334 1295 366 1342 ut
386 1305 421 1343 ex
441 1295 499 1343 tarn
520 1285 579 1342 alto
599 1284 746 1360 dignitatis
759 1284 849 1360 gradu
866 1295 896 1344 10

66 1380 101 1437 ad
128 1399 246 1455 superos
273 1381 403 1438 videatur
429 1381 535 1456 potius,
559 1399 644 1456 quam
673 1380 708 1437 ad
734 1380 850 1451 inferos,

63 1477 235 1552 pervenisse.
276 1477 379 1552 Neque
400 1478 477 1535 enim
498 1477 635 1535 assentior
655 1475 701 1548 iis,
720 1476 768 1552 qui
788 1476 851 1534 haec

63 1591 154 1647 nuper
168 1573 308 1630 disserere
322 1585 480 1649 coeperunt,
496 1593 563 1631 oum
577 1573 745 1649 corporibus
765 1572 849 1630 simul

64 1668 175 1724 animos
190 1668 315 1739 interire,
332 1681 416 1744 atque
430 1670 528 1728 omnia
541 1681 632 1727 morte
647 1669 744 1728 deleri.

103 1859 155 1916 IV.
196 1861 265 1918 Plus
296 1862 369 1937 apud
404 1880 450 1918 me
485 1862 666 1936 antiquorum
695 1862 849 1920 auctoritas
865 1877 895 1925 15

62 1956 146 2028 valet,
161 1957 204 2012 rel
219 1968 381 2015 nostrorum
402 1958 551 2033 majorum,
568 1957 630 2032 (qui
651 1958 770 2015 mortuis
790 1968 849 2014 tam

61 2052 197 2128 religiosa
223 2052 288 2128 jura
313 2055 492 2123 tribuerunt;
523 2053 600 2128 quod
627 2071 686 2109 nou
714 2052 850 2110 fecissent

61 2148 202 2224 profecto,
219 2149 243 2205 si
260 2149 331 2206 nihil
352 2149 386 2206 ad
405 2168 455 2206 eos
472 2150 616 2224 pertinere
630 2147 847 2227 arbitrarentur)

61 2245 105 2301 vel
120 2263 229 2316 eorum,
244 2246 291 2320 qui
308 2245 339 2303 in
356 2246 410 2302 hac
428 2245 503 2302 terni
518 2245 643 2316 fuerunt,
658 2261 848 2320 magnamque

60 2341 206 2398 Graeeiam
234 2341 310 2416 (quae
337 2361 416 2399 nunc
443 2342 557 2416 quidem
586 2341 681 2397 deleta
706 2349 759 2409 est,
787 2349 848 2397 tum
863 2351 895 2402 20

62 2436 195 2514 florebat)
212 2436 349 2494 institutis
370 2448 399 2494 et
418 2437 570 2512 praeceptis
588 2436 647 2493 suis
665 2436 846 2504 erudierunt3

61 2533 105 2590 vel
132 2533 203 2609 ejus,
231 2533 278 2609 qui
306 2534 451 2608 Apollinis
478 2533 596 2591 oraculo
622 2531 849 2607 sapientissimus

62 2640 106 2686 est
123 2629 284 2705 judicatus:
309 2631 358 2706 qui
382 2650 440 2687 non
464 2641 524 2688 tum
549 2630 614 2700 hoc,
632 2634 693 2684 tum'
718 2627 798 2697 illud,
818 2637 849 2684 ut

62 2725 92 2782 in
111 2726 264 2802 plerisque,
289 2727 339 2784 sed
360 2727 436 2783 idem
457 2726 572 2783 dicebat
592 2744 712 2800 semper,
737 2723 848 2780 ultimos

61 2823 210 2879 hominum
235 2842 298 2879 esse
323 2822 443 2894 divinos,
468 2823 569 2897 iisque,
597 2840 663 2878 oum
687 2840 704 2876 e
728 2836 847 2894 corpore
862 2831 895 2880 25

62 2919 262 2991 excessissent,
281 2918 404 2976 reditum
425 2919 455 2975 in
477 2919 581 2976 coelum
601 2928 709 2993 patere,
728 2916 848 2994 optimo·

61 3034 117 3090 que
129 3026 159 3074 et
167 3015 328 3092 justissimo
342 3016 449 3093 cuique
462 3014 728 3095 expeditissimum,

254 3115 274 3172 6
