1904 3750
286 17 948 381 u

123 660 164 718 54
462 665 505 714 nn
524 663 670 713 osricus.
891 665 948 728 [ar

171 829 229 878 tem
243 817 312 875 licet
325 815 489 893 magnifiee,
504 814 637 892 graviter,
653 811 838 888 animoseque
852 812 945 874 rivere

172 926 256 990 atque
277 915 365 971 etiam
385 911 562 989 simpliciter,
578 911 711 984 fideliter,
725 911 847 986 vitaque
868 912 944 970 homi

170 1030 239 1069 num
255 1011 355 1068 amice.

208 1203 338 1261 XXVII.
361 1203 507 1278 Sequitur,
522 1212 554 1260 ut
568 1203 604 1260 de
618 1202 676 1260 unt
690 1203 801 1278 reliqua
813 1215 894 1280 parte
908 1205 938 1265 ht

136 1299 516 1370 bnestatisdioendumsit3
539 1299 937 1378 inquivereoundia,etqua

168 1397 285 1472 quidam
306 1406 425 1454 ornatus
445 1396 519 1468 vitm,
536 1396 734 1472 temperantia,
755 1407 784 1456 et
804 1400 935 1458 modestia

168 1493 320 1567 omnisque
330 1492 441 1550 sedatio
450 1494 697 1568 perturbationum
714 1494 811 1566 animi,
821 1506 850 1552 et
860 1514 933 1553 rerur

168 1589 272 1646 modus
287 1591 422 1647 cernitur.
464 1589 532 1646 Hoc
552 1590 618 1646 looo
639 1590 803 1648 continetur
824 1591 863 1662 id,
879 1611 932 1667 quo

170 1685 229 1741 dici
240 1684 343 1743 Latine
355 1685 496 1743 Decorum
505 1694 616 1759 potest:
638 1685 741 1743 Graeoe
752 1686 829 1743 enirn
841 1690 930 1759 Πρέπι

122 1783 153 1832 10
168 1781 282 1838 dieitur.
324 1781 421 1856 Hujus
443 1779 485 1836 vis
506 1797 541 1836 ea
564 1790 617 1851 est,
640 1791 672 1838 ut
695 1783 730 1839 ab
754 1782 875 1839 honesto
896 1801 929 1840 nr

168 1888 255 1951 queat
275 1878 419 1951 separari:
442 1895 519 1948 nam,
541 1887 570 1934 et
590 1877 667 1951 quod
689 1879 783 1951 decet,
804 1879 927 1937 honesto

168 1983 228 2041 est;
251 1983 279 2030 et
294 1973 369 2048 quod
384 1973 536 2030 honestum
550 1983 603 2045 est,
619 1974 711 2031 decet.

207 2068 314 2129 Qualis
329 2079 423 2126 autem
439 2070 600 2127 differentia
622 2069 658 2127 sit
675 2070 788 2127 honesti
803 2081 831 2128 et
845 2072 924 2130 deso]

168 2164 282 2221 facilins
304 2164 425 2242 intelligi
446 2184 532 2240 quam
553 2165 698 2240 explanari
718 2176 820 2242 potest.
860 2168 922 2229 Qui

121 2271 152 2318 15
168 2260 236 2334 quid
252 2271 295 2317 est
309 2262 396 2331 enim,
413 2261 488 2336 quod
503 2261 614 2333 deceat,
630 2261 659 2318 id
674 2273 735 2319 turn
750 2274 875 2339 apparet,
888 2284 921 2321 cu

168 2365 334 2433 antegressa
359 2368 403 2415 est
426 2359 569 2415 honestas.
611 2357 712 2432 Itaque
732 2379 790 2416 non
811 2360 902 2416 solum

167 2452 222 2510 hae
242 2462 323 2530 parte
344 2453 512 2526 honestatis,
527 2454 563 2510 de
584 2455 641 2528 qula
661 2454 718 2511 hoo
734 2455 800 2512 loco
815 2456 918 2514 dissere

168 2548 236 2605 dum
255 2559 307 2619 est,
322 2549 373 2606 sed
394 2549 481 2606 etiarn
502 2549 532 2606 in
553 2550 645 2606 tribus
666 2549 871 2626 superioribus,
885 2571 917 2627 qt

168 2644 279 2715 deceat,
302 2655 436 2719 apparet:
457 2664 524 2702 nam
545 2655 574 2702 et
595 2646 706 2702 ratione
724 2645 766 2701 uti
788 2656 872 2720 atque
893 2665 915 2703 oi

118 2747 151 2797 20
167 2741 424 2816 tioneprudenter;
441 2752 468 2799 et
479 2761 574 2818 agere,
583 2741 659 2816 quod
671 2761 748 2818 agas,
758 2743 914 2801 considerat

167 2839 303 2912 omnique
315 2839 343 2895 in
356 2857 396 2909 re,
409 2838 476 2912 quid
491 2839 607 2908 altresi,
619 2838 716 2894 videre
726 2847 755 2895 et
765 2840 840 2895 tueri
851 2839 912 2896 deos

167 2945 325 3008 contraque
340 2934 410 3005 salli,
425 2953 530 3005 errare,
544 2934 613 3005 labi,
628 2934 733 3009 decipi,
749 2944 806 2991 tarn
822 2935 911 2992 dedeo

167 3047 252 3103 quarn
267 3031 398 3102 delirare,
413 3041 442 3087 et
462 3039 558 3087 mente
578 3049 641 3087 esse
663 3041 786 3105 captum.
828 3031 867 3089 Et
878 3033 909 3107 ju

166 3127 264 3183 omnia
278 3127 384 3184 deeora
398 3136 480 3196 sunt;
502 3125 607 3201 injusta
621 3137 731 3198 eontra,
746 3136 778 3183 ut
792 3129 895 3203 turpia,

117 3224 150 3272 25
166 3220 312 3281 indecora.
355 3222 465 3280 similis
485 3232 528 3279 est
549 3224 622 3280 ratio
651 3223 841 3281 fortitudinis:
876 3245 906 3300 qt

158 3318 240 3372 eninr
263 3319 383 3378 viriliter
412 3319 565 3393 animoque
588 3338 695 3398 magno
715 3319 756 3392 fit,
778 3319 807 3377 id
832 3320 905 3400 dign*
