1904 3750
106 641 148 700 7⁰
451 652 495 699 ns
515 651 663 699 ossrcns.
873 649 939 709 [nr

156 811 185 859 et
197 800 259 877 puri
273 818 341 858 cum
355 800 467 858 civibus
477 800 542 876 jure
553 801 657 870 vivere,
667 816 760 873 neque
769 797 937 855 submissum

155 908 185 956 et
199 897 352 973 abjectum,
366 916 460 972 neque
474 917 505 953 se
519 896 703 954 efferentem:
725 904 785 950 tum
801 895 830 950 in
843 895 935 968 repub

155 993 213 1050 liet
239 1013 275 1051 ea
296 993 379 1062 velle,
402 1013 464 1068 quae
491 991 646 1066 tranquille
672 1001 702 1047 et
726 992 848 1048 honesta
868 990 926 1046 sint

155 1089 242 1146 talem
265 1090 343 1146 enim
363 1099 392 1146 et
412 1089 519 1146 sentire
543 1089 650 1146 bonum
672 1087 776 1157 civem,
797 1096 826 1142 et
847 1086 932 1142 dicen

123 1184 290 1247 5solemus.
331 1183 481 1261 Peregrini
509 1195 604 1240 autem
629 1193 658 1239 et
685 1182 789 1238 incoiae
817 1180 930 1237 officiun

156 1290 210 1352 est,
224 1280 295 1337 nihil
309 1290 411 1356 praeter
434 1297 518 1336 suum
540 1279 689 1356 negotium
711 1296 805 1354 agere,
821 1276 893 1333 nihil
908 1275 927 1331 d

156 1377 252 1434 alieno
274 1377 435 1451 anquirere,
450 1375 624 1450 minimeque
647 1375 677 1431 in
700 1375 794 1432 client
817 1389 927 1430 essert

155 1472 274 1548 publicd
292 1473 448 1530 curiosum.
490 1471 536 1529 Ita
556 1470 617 1528 fere
638 1470 734 1528 officia
755 1470 926 1544 reperientur

156 1587 223 1626 cum
245 1567 486 1643 quaeretn1,quid
509 1569 622 1637 deceat,
643 1576 673 1622 et
695 1565 764 1640 quid
789 1575 884 1639 aptum
907 1582 924 1620 s]

109 1677 141 1727 to
155 1666 295 1742 personis,
309 1649 496 1739 temporibus,
508 1663 648 1720 aetatibus.
690 1661 772 1718 Nihil
784 1670 827 1716 est
838 1670 923 1716 auten

157 1762 234 1836 quod
245 1771 304 1818 tarn
314 1761 425 1829 deceat,
437 1777 532 1833 quern,
548 1758 577 1815 in
592 1758 670 1814 omni
684 1776 716 1814 re
727 1756 865 1833 gerendd,
877 1774 921 1813 cor

156 1857 278 1930 silioqne
292 1854 444 1931 capiendo,
459 1872 572 1911 servare
587 1854 788 1911 constantiam.

197 2047 327 2106 XXXV.
350 2048 418 2118 Sed,
428 2047 563 2122 quoniam
578 2047 716 2103 decorum
728 2047 798 2103 illud
813 2046 843 2103 in
855 2065 917 2103 omn

157 2145 211 2201 bns
231 2143 315 2202 factis
328 2154 357 2201 et
371 2144 466 2214 dictis,
481 2143 511 2199 in
533 2143 659 2218 corporis
679 2143 803 2217 denique
823 2154 902 2199 motu

111 2248 142 2297 15
158 2250 245 2311 statu,
261 2240 398 2310 cernitur,
414 2239 500 2314 idque
513 2239 640 2314 positum
653 2251 697 2295 est
711 2240 740 2295 in
754 2239 846 2295 tribus
860 2239 914 2295 reb‘

159 2335 359 2411 (formositate,
373 2335 484 2406 ordine,
499 2345 601 2393 ornatu
624 2335 659 2391 ad
684 2335 829 2391 actionem
853 2346 913 2410 apt<

127 2468 130 2474 -
158 2432 323 2490 difficilibus
335 2432 369 2488 ad
381 2431 572 2506 eloquendum
581 2431 645 2507 (sed
653 2430 784 2488 satiserit
793 2431 911 2508 intelligi

159 2529 188 2586 in
203 2529 248 2585 his
264 2537 359 2585 autem
373 2528 466 2584 tribus
480 2528 645 2584 continetur
659 2546 730 2584 cura
744 2527 830 2583 etiam
846 2527 904 2598 illa,

158 2626 310 2700 probemur
319 2624 365 2695 iis,
376 2624 559 2698 quibuscum,
572 2624 645 2698 apud
656 2642 794 2698 quosque,
804 2624 908 2680 vivamt

112 2731 143 2781 20
159 2721 204 2778 his
218 2739 330 2796 quoque
344 2721 380 2776 de
395 2721 480 2776 rebus
493 2739 587 2794 pauca
601 2720 743 2776 dicantur.

198 2816 355 2892 Principio,
371 2817 499 2890 corporis
512 2816 602 2872 nostri
618 2835 752 2891 magnam
767 2827 870 2873 natura
887 2817 906 2892 i1

160 2913 270 2971 videtur
281 2912 415 2970 habuisse
425 2912 583 2980 rationem;
606 2931 669 2985 quae
679 2912 798 2968 formam
810 2923 904 2969 nostra

159 3009 355 3082 reliquamque
369 3007 500 3083 figurem,
516 3007 545 3063 in
560 3007 616 3080 qud
631 3017 707 3064 esset
720 3008 832 3082 species
846 3008 903 3065 hon

159 3113 198 3173 ta,
223 3122 286 3161 eam
307 3103 402 3178 posuit
424 3103 453 3159 in
475 3114 627 3177 promptu:
653 3122 716 3176 quae
736 3113 831 3178 partes
853 3114 901 3161 aut

112 3208 144 3259 25
160 3200 297 3274 corporis,
318 3199 353 3256 nd
373 3208 481 3255 naturae
502 3199 704 3256 necessitatem
726 3199 809 3270 datie,
832 3200 900 3276 adsp

157 3303 219 3350 tum
245 3304 341 3353 essent
365 3294 522 3351 deformem
551 3295 689 3352 habitnrae
715 3306 800 3370 atque
825 3305 899 3372 turp<

138 3400 193 3441 aas
213 3390 351 3449 contexit
380 3400 468 3468 atque
491 3391 612 3451 abdidit.
650 3391 739 3450 Hunc
757 3402 898 3453 nuturoet
