1904 3750
56 236 149 300 nna]
350 240 393 286 ua
415 239 562 287 onmcus
842 229 899 295 rtt

55 405 115 445 uon
128 398 241 463 petest:
262 395 384 445 rectene
405 399 501 447 autem
522 388 599 445 hanc
611 385 727 444 tertiam
740 396 852 462 partem

56 484 92 541 ad
112 485 326 560 exquirendum
348 484 474 542 officium
500 484 670 560 adjunxerit,
692 503 729 541 an
756 503 851 556 secus,

57 580 92 638 de
112 601 147 640 eo
168 581 291 638 sortasse
314 580 452 655 disputari
472 591 575 656 potest.
617 580 704 652 Nam,
722 581 781 638 sive
803 582 852 638 ho-

57 687 170 735 nestum
197 678 294 735 solum
323 678 430 735 bonurn
456 688 500 735 est
522 677 567 755 (ut
594 678 703 736 Stoicis
730 678 849 757 placet),

57 774 126 846 sive,
140 775 219 851 quod
240 775 393 833 honestum
414 785 467 845 est,
483 775 513 831 id
528 775 568 832 ita
583 794 728 832 summum
744 777 850 833 bonum
867 782 884 832 t

57 881 99 928 est
125 870 385 949 (quemadmodum
412 871 613 947 Peripateticis
640 873 746 930 uostris
774 872 851 930 vide·

58 970 127 1047 tur),
148 978 181 1025 ut
209 969 319 1038 omnia,
344 987 379 1026 ex
406 969 496 1026 alteri
522 979 603 1044 parte
630 969 783 1041 collocata,
804 970 852 1026 vix

58 1065 170 1122 minimi
196 1065 339 1122 momenti
366 1065 455 1123 instar
483 1066 624 1135 habeant3
660 1065 851 1123 dubitandum

58 1180 116 1219 non
137 1172 191 1233 est,
213 1161 285 1236 quin
306 1179 451 1236 nunquam
472 1161 563 1238 possit
584 1161 693 1218 utilitas
714 1179 780 1218 cum
801 1161 851 1217 ho·

57 1268 168 1316 aestate
196 1256 381 1315 contendere.
423 1257 525 1333 Itaque
550 1257 725 1333 accepimus,
747 1257 899 1314 Socra-10

59 1363 115 1412 tem
143 1354 290 1412 exsecrari
317 1354 433 1411 solitum
460 1375 510 1413 eos
538 1356 587 1430 qui
618 1355 743 1430 primum
777 1353 850 1427 haec,

59 1453 161 1509 naturai
182 1450 369 1521 coherentia,
385 1451 523 1526 opinione
545 1451 751 1509 distraxissent.
793 1449 851 1508 Cui

59 1548 172 1623 quidem
200 1547 241 1604 ita
269 1556 337 1602 sunt
370 1547 464 1604 Stoici
495 1548 613 1619 assensi,
641 1558 683 1619 ut,
711 1547 850 1624 quidquid

59 1643 209 1702 honestum
237 1651 325 1714 esset,
354 1642 383 1699 id
410 1644 482 1700 utile
509 1663 572 1702 esse
604 1656 766 1717 censerent,
794 1664 850 1704 nec

59 1741 127 1799 utile
141 1741 312 1816 quidquam,
327 1740 403 1813 quod
418 1759 477 1797 non
492 1741 653 1799 honestum.
866 1760 899 1810 15

94 1837 186 1900 Quod
200 1838 226 1895 si
242 1837 267 1894 is
281 1845 357 1893 esset
378 1836 532 1909 Panaetius,
548 1839 597 1913 qui
613 1839 748 1897 virtutem
768 1858 852 1916 prop·
890 1819 894 1828 ¹

60 1943 137 1992 terea
157 1933 311 1992 colendam
332 1933 452 2013 diceret,
474 1936 550 2008 quod
571 1955 607 1994 ea
625 1936 755 1994 efficiens
775 1936 852 2001 utili·

59 2032 124 2089 tatis
137 2040 215 2088 esset
231 2029 278 2106 (ut
292 2028 324 2101 ii,
335 2029 383 2104 qui
397 2049 444 2087 res
458 2031 634 2106 expetendas
646 2032 690 2089 vel
706 2033 852 2106 voluptate

58 2129 100 2186 vel
115 2126 279 2186 indolentiti
297 2127 480 2206 metiuntur),
495 2127 596 2184 liceret
610 2127 639 2184 ei
652 2126 760 2198 dicere,
775 2126 852 2190 utili,-

59 2234 144 2284 tatem
167 2223 323 2299 aliquando
343 2241 409 2281 cum
430 2224 581 2280 honestate
601 2240 739 2298 pugnare
781 2221 850 2292 Sed,
865 2224 898 2290 ἢ

60 2340 123 2380 cum
145 2321 184 2379 sit
204 2321 240 2391 is,
262 2319 312 2394 qui
333 2319 362 2376 id
383 2316 477 2378 solum
498 2320 606 2377 bonum
631 2318 752 2395 judicet,
773 2317 851 2393 quod

41 2463 44 2469 .
59 2417 211 2476 honestum
225 2416 278 2485 sit;
301 2435 364 2490 quae
381 2425 476 2474 autem
491 2416 560 2473 huic
573 2423 734 2492 repugnent
752 2413 851 2489 specie

60 2512 182 2588 quidam
196 2511 340 2582 utilitatis,
351 2530 450 2569 eorum
464 2529 559 2585 neque
571 2510 739 2569 accessione
752 2508 852 2572 meliu-

59 2627 119 2667 rem
129 2610 227 2688 'vitm
248 2607 321 2679 fieri,
342 2626 398 2664 nec
422 2607 592 2665 decessione
618 2606 763 2683 pejorem3
790 2624 851 2664 non

60 2686 171 2763 ridetur
191 2703 332 2781 ejusmodi
353 2702 488 2760 debuisse
508 2702 746 2761 deliberationem
763 2701 852 2762 intro·
864 2706 897 2766 S

59 2800 178 2874 ducere,
199 2800 230 2858 in
257 2799 326 2876 qud,
348 2796 426 2873 quod
453 2799 523 2856 utile
552 2799 704 2870 videretur,
727 2815 794 2856 cum
814 2815 851 2861 eo

57 2897 137 2974 quod
162 2898 317 2956 honestum
342 2904 427 2966 esset,
449 2905 670 2972 compararetur.
722 2893 853 2971 Etenim,

60 2992 138 3071 quod
155 3011 299 3053 summum
318 2992 433 3067 bonum
448 2993 594 3071 aStdicis
614 2992 743 3070 diditur,
756 2991 877 3063 “osu

290 3094 331 3167 ,13
