<?xml version="1.0" encoding="UTF-8"?>
<!DOCTYPE html PUBLIC "-//W3C//DTD XHTML 1.0 Transitional//EN"
    "http://www.w3.org/TR/xhtml1/DTD/xhtml1-transitional.dtd">
<html xmlns="http://www.w3.org/1999/xhtml" xml:lang="en" lang="en">
 <head>
  <title>
</title>
<meta http-equiv="Content-Type" content="text/html;charset=utf-8" />
  <meta name='ocr-system' content='tesseract 3.04.00' />
  <meta name='ocr-capabilities' content='ocr_page ocr_carea ocr_par ocr_line ocrx_word'/>
</head>
<body>
  <div class='ocr_page' id='page_1' title='image "./mtciceronisdeof00dillgoog/mtciceronisdeof00dillgoog_0320.png"; bbox 0 0 1904 3750; ppageno 0'>
   <div class='ocr_carea' id='block_1_1' title="bbox 317 278 897 338">
    <p class='ocr_par' dir='ltr' id='par_1_1' title="bbox 317 278 897 338">
     <span class='ocr_line' id='line_1_1' title="bbox 317 278 897 338; baseline 0.003 -2"><span class='ocrx_word' id='word_1_1' title='bbox 317 287 360 336; x_wconf 85' lang='lat' dir='ltr'>na</span> <span class='ocrx_word' id='word_1_2' title='bbox 380 288 583 336; x_wconf 76' lang='lat' dir='ltr'>sannorum.</span> <span class='ocrx_word' id='word_1_3' title='bbox 860 278 897 338; x_wconf 83' lang='lat'>15</span> 
     </span>
    </p>
   </div>
   <div class='ocr_carea' id='block_1_2' title="bbox 29 437 894 2243">
    <p class='ocr_par' dir='ltr' id='par_1_2' title="bbox 29 437 893 1485">
     <span class='ocr_line' id='line_1_2' title="bbox 61 437 847 515; baseline 0.003 -21"><span class='ocrx_word' id='word_1_4' title='bbox 61 437 138 512; x_wconf 84' lang='lat' dir='ltr'>Equi</span> <span class='ocrx_word' id='word_1_5' title='bbox 154 438 235 495; x_wconf 84' lang='lat' dir='ltr'>fortis</span> <span class='ocrx_word' id='word_1_6' title='bbox 249 448 279 496; x_wconf 88' lang='lat' dir='ltr'>et</span> <span class='ocrx_word' id='word_1_7' title='bbox 299 439 418 497; x_wconf 87' lang='lat' dir='ltr'>victoris</span> <span class='ocrx_word' id='word_1_8' title='bbox 431 439 575 497; x_wconf 79' lang='lat' dir='ltr'>senectuti</span> <span class='ocrx_word' id='word_1_9' title='bbox 589 448 735 515; x_wconf 88' lang='lat' dir='ltr'>comparat</span> <span class='ocrx_word' id='word_1_10' title='bbox 749 457 847 512; x_wconf 86' lang='lat' dir='ltr'>suam;</span> 
     </span>
     <span class='ocr_line' id='line_1_3' title="bbox 60 537 848 613; baseline 0.004 -21"><span class='ocrx_word' id='word_1_11' title='bbox 60 555 146 610; x_wconf 89' lang='lat' dir='ltr'>quam</span> <span class='ocrx_word' id='word_1_12' title='bbox 169 537 285 610; x_wconf 91' lang='lat' dir='ltr'>quidem</span> <span class='ocrx_word' id='word_1_13' title='bbox 307 539 396 612; x_wconf 89' lang='lat' dir='ltr'>probe</span> <span class='ocrx_word' id='word_1_14' title='bbox 418 537 584 594; x_wconf 80' lang='lat' dir='ltr'>meminisse</span> <span class='ocrx_word' id='word_1_15' title='bbox 604 537 741 613; x_wconf 89' lang='lat' dir='ltr'>potestis:</span> <span class='ocrx_word' id='word_1_16' title='bbox 772 557 848 595; x_wconf 87' lang='lat' dir='ltr'>anno</span> 
     </span>
     <span class='ocr_line' id='line_1_4' title="bbox 59 634 849 710; baseline 0.003 -20"><span class='ocrx_word' id='word_1_17' title='bbox 59 634 137 690; x_wconf 92' lang='lat' dir='ltr'>enim</span> <span class='ocrx_word' id='word_1_18' title='bbox 152 634 369 691; x_wconf 89' lang='lat' dir='ltr'>undevicesimo</span> <span class='ocrx_word' id='word_1_19' title='bbox 389 645 454 710; x_wconf 93' lang='lat' dir='ltr'>post</span> <span class='ocrx_word' id='word_1_20' title='bbox 474 636 537 710; x_wconf 89' lang='lat' dir='ltr'>ejus</span> <span class='ocrx_word' id='word_1_21' title='bbox 553 645 685 707; x_wconf 92' lang='lat' dir='ltr'>mortem,</span> <span class='ocrx_word' id='word_1_22' title='bbox 701 636 730 692; x_wconf 92' lang='lat' dir='ltr'>hi</span> <span class='ocrx_word' id='word_1_23' title='bbox 746 654 849 693; x_wconf 90' lang='lat' dir='ltr'>consu-</span> 
     </span>
     <span class='ocr_line' id='line_1_5' title="bbox 58 729 848 804; baseline 0.005 -18"><span class='ocrx_word' id='word_1_24' title='bbox 58 729 110 801; x_wconf 85' lang='lat' dir='ltr'><strong>les,</strong></span> <span class='ocrx_word' id='word_1_25' title='bbox 126 730 163 788; x_wconf 90' lang='lat' dir='ltr'>T.</span> <span class='ocrx_word' id='word_1_26' title='bbox 179 730 361 788; x_wconf 78' lang='lat' dir='ltr'>Flamininus</span> <span class='ocrx_word' id='word_1_27' title='bbox 376 744 404 790; x_wconf 85' lang='lat' dir='ltr'>et</span> <span class='ocrx_word' id='word_1_28' title='bbox 420 732 589 804; x_wconf 84' lang='lat' dir='ltr'>M²Acilius,</span> <span class='ocrx_word' id='word_1_29' title='bbox 605 733 673 790; x_wconf 87' lang='lat' dir='ltr'>facti</span> <span class='ocrx_word' id='word_1_30' title='bbox 695 745 777 791; x_wconf 88' lang='lat' dir='ltr'>sunt:</span> <span class='ocrx_word' id='word_1_31' title='bbox 800 734 848 790; x_wconf 91' lang='lat' dir='ltr'>ille</span> 
     </span>
     <span class='ocr_line' id='line_1_6' title="bbox 59 827 879 904; baseline 0.009 -21"><span class='ocrx_word' id='word_1_32' title='bbox 59 837 155 883; x_wconf 88' lang='lat' dir='ltr'>autem</span> <span class='ocrx_word' id='word_1_33' title='bbox 170 827 319 904; x_wconf 81' lang='lat' dir='ltr'>Caepione,</span> <span class='ocrx_word' id='word_1_34' title='bbox 335 838 364 886; x_wconf 88' lang='lat' dir='ltr'>et</span> <span class='ocrx_word' id='word_1_35' title='bbox 385 829 519 904; x_wconf 92' lang='lat' dir='ltr'>Philippo</span> <span class='ocrx_word' id='word_1_36' title='bbox 539 829 652 901; x_wconf 89' lang='lat' dir='ltr'>iterum,</span> <span class='ocrx_word' id='word_1_37' title='bbox 669 831 846 903; x_wconf 90' lang='lat' dir='ltr'>consulibus,</span> <span class='ocrx_word' id='word_1_38' title='bbox 863 841 879 890; x_wconf 87' lang='lat'>5</span> 
     </span>
     <span class='ocr_line' id='line_1_7' title="bbox 58 926 848 1002; baseline 0.009 -23"><span class='ocrx_word' id='word_1_39' title='bbox 58 935 189 982; x_wconf 91' lang='lat' dir='ltr'>mortuus</span> <span class='ocrx_word' id='word_1_40' title='bbox 209 936 269 983; x_wconf 90' lang='lat' dir='ltr'>est:</span> <span class='ocrx_word' id='word_1_41' title='bbox 292 945 359 982; x_wconf 91' lang='lat' dir='ltr'>cum</span> <span class='ocrx_word' id='word_1_42' title='bbox 376 944 431 1002; x_wconf 87' lang='lat' dir='ltr'>ego</span> <span class='ocrx_word' id='word_1_43' title='bbox 446 926 572 1000; x_wconf 89' lang='lat' dir='ltr'>quidem,</span> <span class='ocrx_word' id='word_1_44' title='bbox 588 927 614 984; x_wconf 89' lang='lat' dir='ltr'>V</span> <span class='ocrx_word' id='word_1_45' title='bbox 630 937 658 983; x_wconf 90' lang='lat' dir='ltr'>et</span> <span class='ocrx_word' id='word_1_46' title='bbox 680 927 735 984; x_wconf 91' lang='lat' dir='ltr'>LX</span> <span class='ocrx_word' id='word_1_47' title='bbox 757 948 848 986; x_wconf 87' lang='lat' dir='ltr'>annos</span> 
     </span>
     <span class='ocr_line' id='line_1_8' title="bbox 57 1023 848 1100; baseline 0.009 -23"><span class='ocrx_word' id='word_1_48' title='bbox 57 1032 152 1093; x_wconf 86' lang='lat' dir='ltr'>natus,</span> <span class='ocrx_word' id='word_1_49' title='bbox 175 1023 269 1099; x_wconf 86' lang='lat' dir='ltr'>legem</span> <span class='ocrx_word' id='word_1_50' title='bbox 293 1024 458 1096; x_wconf 80' lang='lat' dir='ltr'>Voconiam</span> <span class='ocrx_word' id='word_1_51' title='bbox 481 1042 553 1081; x_wconf 84' lang='lat' dir='ltr'>voce</span> <span class='ocrx_word' id='word_1_52' title='bbox 578 1025 693 1100; x_wconf 69' lang='lat' dir='ltr'>magna,</span> <span class='ocrx_word' id='word_1_53' title='bbox 716 1027 848 1084; x_wconf 87' lang='lat' dir='ltr'>ethonis</span> 
     </span>
     <span class='ocr_line' id='line_1_9' title="bbox 57 1119 848 1200; baseline 0.006 -25"><span class='ocrx_word' id='word_1_54' title='bbox 57 1119 204 1192; x_wconf 88' lang='lat' dir='ltr'>lateribus,</span> <span class='ocrx_word' id='word_1_55' title='bbox 233 1121 396 1178; x_wconf 83' lang='lat' dir='ltr'>suasissem.</span> <span class='ocrx_word' id='word_1_56' title='bbox 439 1121 543 1178; x_wconf 91' lang='lat' dir='ltr'>Annos</span> <span class='ocrx_word' id='word_1_57' title='bbox 570 1121 657 1178; x_wconf 92' lang='lat' dir='ltr'>LXX</span> <span class='ocrx_word' id='word_1_58' title='bbox 684 1133 769 1179; x_wconf 87' lang='lat' dir='ltr'>natus</span> <span class='ocrx_word' id='word_1_59' title='bbox 791 1122 848 1200; x_wconf 86' lang='lat' dir='ltr'>(tot</span> 
     </span>
     <span class='ocr_line' id='line_1_10' title="bbox 56 1215 849 1298; baseline 0.008 -28"><span class='ocrx_word' id='word_1_60' title='bbox 56 1215 135 1272; x_wconf 91' lang='lat' dir='ltr'>enim</span> <span class='ocrx_word' id='word_1_61' title='bbox 150 1216 220 1272; x_wconf 86' lang='lat' dir='ltr'>vixit</span> <span class='ocrx_word' id='word_1_62' title='bbox 234 1216 361 1298; x_wconf 86' lang='lat' dir='ltr'>Ennius)</span> <span class='ocrx_word' id='word_1_63' title='bbox 377 1217 416 1275; x_wconf 89' lang='lat' dir='ltr'>ita</span> <span class='ocrx_word' id='word_1_64' title='bbox 438 1218 548 1275; x_wconf 86' lang='lat' dir='ltr'>serebat</span> <span class='ocrx_word' id='word_1_65' title='bbox 562 1218 630 1289; x_wconf 90' lang='lat' dir='ltr'>duo,</span> <span class='ocrx_word' id='word_1_66' title='bbox 646 1238 708 1293; x_wconf 87' lang='lat' dir='ltr'>quae</span> <span class='ocrx_word' id='word_1_67' title='bbox 722 1219 849 1276; x_wconf 89' lang='lat' dir='ltr'>maxima</span> 
     </span>
     <span class='ocr_line' id='line_1_11' title="bbox 55 1321 893 1390; baseline 0.004 -22"><span class='ocrx_word' id='word_1_68' title='bbox 55 1322 193 1387; x_wconf 88' lang='lat' dir='ltr'>putantur</span> <span class='ocrx_word' id='word_1_69' title='bbox 215 1333 313 1385; x_wconf 89' lang='lat' dir='ltr'>onera,</span> <span class='ocrx_word' id='word_1_70' title='bbox 334 1324 533 1390; x_wconf 82' lang='lat' dir='ltr'>paupertatem</span> <span class='ocrx_word' id='word_1_71' title='bbox 553 1324 583 1371; x_wconf 88' lang='lat' dir='ltr'>et</span> <span class='ocrx_word' id='word_1_72' title='bbox 604 1324 793 1388; x_wconf 88' lang='lat' dir='ltr'>senectutem,</span> <span class='ocrx_word' id='word_1_73' title='bbox 815 1324 847 1372; x_wconf 91' lang='lat' dir='ltr'>ut</span> <span class='ocrx_word' id='word_1_74' title='bbox 863 1321 893 1371; x_wconf 91' lang='lat'>10</span> 
     </span>
     <span class='ocr_line' id='line_1_12' title="bbox 29 1397 517 1485; baseline 0 -18"><span class='ocrx_word' id='word_1_75' title='bbox 29 1432 31 1437; x_wconf 94' lang='lat'>·</span> <span class='ocrx_word' id='word_1_76' title='bbox 55 1409 98 1467; x_wconf 88' lang='lat' dir='ltr'>eis</span> <span class='ocrx_word' id='word_1_77' title='bbox 111 1429 194 1485; x_wconf 87' lang='lat' dir='ltr'>paene</span> <span class='ocrx_word' id='word_1_78' title='bbox 209 1411 347 1467; x_wconf 88' lang='lat' dir='ltr'>delectari</span> <span class='ocrx_word' id='word_1_79' title='bbox 361 1397 517 1468; x_wconf 83' lang='lat' dir='ltr'>videretur.¹</span> 
     </span>
    </p>

    <p class='ocr_par' dir='ltr' id='par_1_3' title="bbox 54 1506 894 2243">
     <span class='ocr_line' id='line_1_13' title="bbox 95 1506 846 1586; baseline 0.005 -23"><span class='ocrx_word' id='word_1_80' title='bbox 95 1506 223 1578; x_wconf 84' lang='lat' dir='ltr'>Etenim,</span> <span class='ocrx_word' id='word_1_81' title='bbox 259 1526 325 1565; x_wconf 84' lang='lat' dir='ltr'>eum</span> <span class='ocrx_word' id='word_1_82' title='bbox 367 1508 546 1584; x_wconf 89' lang='lat' dir='ltr'>contemplor</span> <span class='ocrx_word' id='word_1_83' title='bbox 588 1509 694 1582; x_wconf 88' lang='lat' dir='ltr'>animo,</span> <span class='ocrx_word' id='word_1_84' title='bbox 734 1509 846 1586; x_wconf 86' lang='lat' dir='ltr'>reperio</span> 
     </span>
     <span class='ocr_line' id='line_1_14' title="bbox 56 1607 845 1679; baseline 0.008 -20"><span class='ocrx_word' id='word_1_85' title='bbox 56 1613 179 1679; x_wconf 89' lang='lat' dir='ltr'>quatuor</span> <span class='ocrx_word' id='word_1_86' title='bbox 204 1623 316 1675; x_wconf 86' lang='lat' dir='ltr'>causas,</span> <span class='ocrx_word' id='word_1_87' title='bbox 338 1623 391 1661; x_wconf 91' lang='lat' dir='ltr'>cur</span> <span class='ocrx_word' id='word_1_88' title='bbox 415 1616 549 1662; x_wconf 87' lang='lat' dir='ltr'>senectus</span> <span class='ocrx_word' id='word_1_89' title='bbox 573 1607 678 1664; x_wconf 86' lang='lat' dir='ltr'>misera</span> <span class='ocrx_word' id='word_1_90' title='bbox 698 1607 845 1665; x_wconf 88' lang='lat' dir='ltr'>videatur:</span> 
     </span>
     <span class='ocr_line' id='line_1_15' title="bbox 56 1701 845 1780; baseline 0.006 -23"><span class='ocrx_word' id='word_1_91' title='bbox 56 1719 154 1771; x_wconf 87' lang='lat' dir='ltr'>unam,</span> <span class='ocrx_word' id='word_1_92' title='bbox 169 1701 247 1775; x_wconf 91' lang='lat' dir='ltr'>quod</span> <span class='ocrx_word' id='word_1_93' title='bbox 270 1711 371 1758; x_wconf 87' lang='lat' dir='ltr'>avocet</span> <span class='ocrx_word' id='word_1_94' title='bbox 394 1721 411 1759; x_wconf 87' lang='lat' dir='ltr'>a</span> <span class='ocrx_word' id='word_1_95' title='bbox 431 1703 517 1760; x_wconf 89' lang='lat' dir='ltr'>rebus</span> <span class='ocrx_word' id='word_1_96' title='bbox 540 1705 693 1780; x_wconf 85' lang='lat' dir='ltr'>gerendis;</span> <span class='ocrx_word' id='word_1_97' title='bbox 717 1705 845 1777; x_wconf 85' lang='lat' dir='ltr'>alteram,</span> 
     </span>
     <span class='ocr_line' id='line_1_16' title="bbox 55 1797 894 1877; baseline 0.004 -24"><span class='ocrx_word' id='word_1_98' title='bbox 55 1797 132 1872; x_wconf 91' lang='lat' dir='ltr'>quod</span> <span class='ocrx_word' id='word_1_99' title='bbox 161 1816 266 1873; x_wconf 89' lang='lat' dir='ltr'>corpus</span> <span class='ocrx_word' id='word_1_100' title='bbox 301 1798 388 1856; x_wconf 86' lang='lat' dir='ltr'>saciat</span> <span class='ocrx_word' id='word_1_101' title='bbox 422 1799 579 1871; x_wconf 86' lang='lat' dir='ltr'>infirmius3</span> <span class='ocrx_word' id='word_1_102' title='bbox 615 1802 740 1872; x_wconf 86' lang='lat' dir='ltr'>tertiam,</span> <span class='ocrx_word' id='word_1_103' title='bbox 769 1802 846 1877; x_wconf 91' lang='lat' dir='ltr'>quod</span> <span class='ocrx_word' id='word_1_104' title='bbox 863 1807 894 1856; x_wconf 81' lang='lat'>15</span> 
     </span>
     <span class='ocr_line' id='line_1_17' title="bbox 54 1894 846 1973; baseline 0.006 -23"><span class='ocrx_word' id='word_1_105' title='bbox 54 1894 147 1970; x_wconf 87' lang='lat' dir='ltr'>privet</span> <span class='ocrx_word' id='word_1_106' title='bbox 161 1895 296 1951; x_wconf 87' lang='lat' dir='ltr'>omnibus</span> <span class='ocrx_word' id='word_1_107' title='bbox 312 1895 371 1953; x_wconf 81' lang='lat' dir='ltr'>lere</span> <span class='ocrx_word' id='word_1_108' title='bbox 385 1895 596 1971; x_wconf 85' lang='lat' dir='ltr'>voluptatibus:</span> <span class='ocrx_word' id='word_1_109' title='bbox 612 1908 752 1971; x_wconf 89' lang='lat' dir='ltr'>quartam,</span> <span class='ocrx_word' id='word_1_110' title='bbox 768 1899 846 1973; x_wconf 90' lang='lat' dir='ltr'>quod</span> 
     </span>
     <span class='ocr_line' id='line_1_18' title="bbox 55 1990 844 2069; baseline 0.005 -22"><span class='ocrx_word' id='word_1_111' title='bbox 55 1990 133 2048; x_wconf 90' lang='lat' dir='ltr'>haud</span> <span class='ocrx_word' id='word_1_112' title='bbox 156 1992 259 2066; x_wconf 90' lang='lat' dir='ltr'>procul</span> <span class='ocrx_word' id='word_1_113' title='bbox 283 1993 357 2049; x_wconf 87' lang='lat' dir='ltr'>absit</span> <span class='ocrx_word' id='word_1_114' title='bbox 380 2013 396 2050; x_wconf 91' lang='lat' dir='ltr'>a</span> <span class='ocrx_word' id='word_1_115' title='bbox 416 2003 516 2049; x_wconf 89' lang='lat' dir='ltr'>morte.</span> <span class='ocrx_word' id='word_1_116' title='bbox 559 1992 678 2064; x_wconf 86' lang='lat' dir='ltr'>Earum,</span> <span class='ocrx_word' id='word_1_117' title='bbox 694 1995 717 2050; x_wconf 93' lang='lat' dir='ltr'>si</span> <span class='ocrx_word' id='word_1_118' title='bbox 738 1994 844 2069; x_wconf 86' lang='lat' dir='ltr'>placet,</span> 
     </span>
     <span class='ocr_line' id='line_1_19' title="bbox 55 2089 844 2171; baseline 0.001 -26"><span class='ocrx_word' id='word_1_119' title='bbox 55 2107 208 2145; x_wconf 88' lang='lat' dir='ltr'>causarum</span> <span class='ocrx_word' id='word_1_120' title='bbox 224 2099 341 2164; x_wconf 89' lang='lat' dir='ltr'>quanta,</span> <span class='ocrx_word' id='word_1_121' title='bbox 356 2108 499 2165; x_wconf 87' lang='lat' dir='ltr'>quamque</span> <span class='ocrx_word' id='word_1_122' title='bbox 514 2089 551 2145; x_wconf 84' lang='lat' dir='ltr'>sit</span> <span class='ocrx_word' id='word_1_123' title='bbox 562 2089 640 2167; x_wconf 88' lang='lat' dir='ltr'>justa</span> <span class='ocrx_word' id='word_1_124' title='bbox 652 2109 844 2171; x_wconf 74' lang='lat' dir='ltr'>unaquaque,</span> 
     </span>
     <span class='ocr_line' id='line_1_20' title="bbox 55 2185 212 2243; baseline 0.013 -2"><span class='ocrx_word' id='word_1_125' title='bbox 55 2185 212 2243; x_wconf 85' lang='lat' dir='ltr'>videamus.</span> 
     </span>
    </p>
   </div>
   <div class='ocr_carea' id='block_1_3' title="bbox 54 2378 893 3035">
    <p class='ocr_par' dir='ltr' id='par_1_4' title="bbox 54 2378 893 3035">
     <span class='ocr_line' id='line_1_21' title="bbox 94 2378 892 2458; baseline 0.006 -22"><span class='ocrx_word' id='word_1_126' title='bbox 94 2378 146 2436; x_wconf 89' lang='lat' dir='ltr'>vl.</span> <span class='ocrx_word' id='word_1_127' title='bbox 189 2379 217 2437; x_wconf 84' lang='lat' dir='ltr'><strong>A</strong></span> <span class='ocrx_word' id='word_1_128' title='bbox 245 2380 332 2437; x_wconf 89' lang='lat' dir='ltr'>rebus</span> <span class='ocrx_word' id='word_1_129' title='bbox 359 2381 494 2458; x_wconf 87' lang='lat' dir='ltr'>gerendis</span> <span class='ocrx_word' id='word_1_130' title='bbox 521 2390 657 2438; x_wconf 85' lang='lat' dir='ltr'>senectus</span> <span class='ocrx_word' id='word_1_131' title='bbox 685 2381 844 2440; x_wconf 68' lang='lat' dir='ltr'>abstrahit?</span> <span class='ocrx_word' id='word_1_132' title='bbox 861 2392 892 2443; x_wconf 75' lang='lat'>20</span> 
     </span>
     <span class='ocr_line' id='line_1_22' title="bbox 54 2475 846 2554; baseline 0 -17"><span class='ocrx_word' id='word_1_133' title='bbox 54 2475 193 2537; x_wconf 79' lang='lat' dir='ltr'>Quibusl</span> <span class='ocrx_word' id='word_1_134' title='bbox 216 2497 251 2534; x_wconf 88' lang='lat' dir='ltr'>an</span> <span class='ocrx_word' id='word_1_135' title='bbox 273 2478 318 2549; x_wconf 89' lang='lat' dir='ltr'>iis,</span> <span class='ocrx_word' id='word_1_136' title='bbox 341 2497 404 2552; x_wconf 84' lang='lat' dir='ltr'>quae</span> <span class='ocrx_word' id='word_1_137' title='bbox 426 2478 623 2554; x_wconf 86' lang='lat' dir='ltr'>injuventute</span> <span class='ocrx_word' id='word_1_138' title='bbox 647 2488 795 2554; x_wconf 85' lang='lat' dir='ltr'>geruntur,</span> <span class='ocrx_word' id='word_1_139' title='bbox 816 2489 846 2537; x_wconf 88' lang='lat' dir='ltr'>et</span> 
     </span>
     <span class='ocr_line' id='line_1_23' title="bbox 55 2573 844 2651; baseline 0.004 -22"><span class='ocrx_word' id='word_1_140' title='bbox 55 2573 184 2631; x_wconf 87' lang='lat' dir='ltr'>viribusl</span> <span class='ocrx_word' id='word_1_141' title='bbox 225 2573 361 2632; x_wconf 85' lang='lat' dir='ltr'>Nullaene</span> <span class='ocrx_word' id='word_1_142' title='bbox 382 2576 471 2651; x_wconf 85' lang='lat' dir='ltr'>igitur</span> <span class='ocrx_word' id='word_1_143' title='bbox 491 2595 537 2632; x_wconf 92' lang='lat' dir='ltr'>res</span> <span class='ocrx_word' id='word_1_144' title='bbox 558 2586 625 2632; x_wconf 89' lang='lat' dir='ltr'>sunt</span> <span class='ocrx_word' id='word_1_145' title='bbox 639 2575 754 2646; x_wconf 89' lang='lat' dir='ltr'>seniles,</span> <span class='ocrx_word' id='word_1_146' title='bbox 770 2595 844 2650; x_wconf 84' lang='lat' dir='ltr'>quae,</span> 
     </span>
     <span class='ocr_line' id='line_1_24' title="bbox 55 2669 846 2745; baseline 0.004 -20"><span class='ocrx_word' id='word_1_147' title='bbox 55 2669 99 2726; x_wconf 88' lang='lat' dir='ltr'>vel</span> <span class='ocrx_word' id='word_1_148' title='bbox 123 2669 244 2727; x_wconf 87' lang='lat' dir='ltr'>infirmis</span> <span class='ocrx_word' id='word_1_149' title='bbox 267 2670 444 2745; x_wconf 84' lang='lat' dir='ltr'>corporibus,</span> <span class='ocrx_word' id='word_1_150' title='bbox 467 2671 563 2727; x_wconf 87' lang='lat' dir='ltr'>animo</span> <span class='ocrx_word' id='word_1_151' title='bbox 585 2681 682 2728; x_wconf 88' lang='lat' dir='ltr'>tamen</span> <span class='ocrx_word' id='word_1_152' title='bbox 711 2671 846 2728; x_wconf 89' lang='lat' dir='ltr'>adminis-</span> 
     </span>
     <span class='ocr_line' id='line_1_25' title="bbox 55 2765 844 2842; baseline 0.003 -20"><span class='ocrx_word' id='word_1_153' title='bbox 55 2768 187 2823; x_wconf 86' lang='lat' dir='ltr'>trenturl</span> <span class='ocrx_word' id='word_1_154' title='bbox 227 2766 310 2823; x_wconf 90' lang='lat' dir='ltr'>Nihil</span> <span class='ocrx_word' id='word_1_155' title='bbox 326 2785 396 2842; x_wconf 85' lang='lat' dir='ltr'>ergo</span> <span class='ocrx_word' id='word_1_156' title='bbox 412 2767 515 2842; x_wconf 87' lang='lat' dir='ltr'>agebat</span> <span class='ocrx_word' id='word_1_157' title='bbox 524 2765 564 2828; x_wconf 79' lang='lat' dir='ltr'>Q.</span> <span class='ocrx_word' id='word_1_158' title='bbox 577 2766 742 2825; x_wconf 67' lang='lat' dir='ltr'>Maximus?</span> <span class='ocrx_word' id='word_1_159' title='bbox 762 2767 844 2824; x_wconf 92' lang='lat' dir='ltr'>Nihil</span> 
     </span>
     <span class='ocr_line' id='line_1_26' title="bbox 56 2860 893 2940; baseline 0.002 -20"><span class='ocrx_word' id='word_1_160' title='bbox 56 2860 89 2920; x_wconf 88' lang='lat' dir='ltr'>L.</span> <span class='ocrx_word' id='word_1_161' title='bbox 105 2862 233 2935; x_wconf 85' lang='lat' dir='ltr'>Paullus,</span> <span class='ocrx_word' id='word_1_162' title='bbox 247 2873 329 2938; x_wconf 91' lang='lat' dir='ltr'>pater</span> <span class='ocrx_word' id='word_1_163' title='bbox 343 2873 419 2935; x_wconf 91' lang='lat' dir='ltr'>tuus,</span> <span class='ocrx_word' id='word_1_164' title='bbox 435 2863 546 2937; x_wconf 85' lang='lat' dir='ltr'>Scipio,</span> <span class='ocrx_word' id='word_1_165' title='bbox 562 2884 645 2922; x_wconf 88' lang='lat' dir='ltr'>socer</span> <span class='ocrx_word' id='word_1_166' title='bbox 665 2864 767 2940; x_wconf 93' lang='lat' dir='ltr'>optimi</span> <span class='ocrx_word' id='word_1_167' title='bbox 781 2864 844 2937; x_wconf 86' lang='lat' dir='ltr'>viri,</span> <span class='ocrx_word' id='word_1_168' title='bbox 860 2864 893 2914; x_wconf 75' lang='lat'>25</span> 
     </span>
     <span class='ocr_line' id='line_1_27' title="bbox 56 2957 854 3035; baseline 0 -19"><span class='ocrx_word' id='word_1_169' title='bbox 56 2957 109 3016; x_wconf 85' lang='lat' dir='ltr'>lilii</span> <span class='ocrx_word' id='word_1_170' title='bbox 122 2959 200 3018; x_wconf 83' lang='lat' dir='ltr'>mail</span> <span class='ocrx_word' id='word_1_171' title='bbox 222 2959 320 3018; x_wconf 74' lang='lat' dir='ltr'>ceteri</span> <span class='ocrx_word' id='word_1_172' title='bbox 342 2978 437 3030; x_wconf 88' lang='lat' dir='ltr'>senes,</span> <span class='ocrx_word' id='word_1_173' title='bbox 453 2959 594 3035; x_wconf 86' lang='lat' dir='ltr'>Fabricii,</span> <span class='ocrx_word' id='word_1_174' title='bbox 616 2961 716 3033; x_wconf 85' lang='lat' dir='ltr'>Curii,</span> <span class='ocrx_word' id='word_1_175' title='bbox 733 2961 854 3018; x_wconf 54' lang='lat' dir='ltr'>Corum</span> 
     </span>
    </p>
   </div>
   <div class='ocr_carea' id='block_1_4' title="bbox 0 0 956 3750">
    <p class='ocr_par' dir='ltr' id='par_1_5' title="bbox 0 0 956 3750">
     <span class='ocr_line' id='line_1_28' title="bbox 0 0 956 3750; baseline 0 1"><span class='ocrx_word' id='word_1_176' title='bbox 0 0 956 3750; x_wconf 95' lang='lat' dir='ltr'> </span> 
     </span>
    </p>
   </div>
  </div>
 </body>
</html>
