1904 3750
211 300 214 321 ι
319 274 362 320 on
383 273 586 322 sannorum.
855 260 894 321 21

64 440 149 479 senes
169 420 359 494 delectantur,
373 421 520 497 leviorque
539 421 571 479 fit
590 438 690 479 eorum
704 430 849 493 senectus,

64 518 113 592 qui
128 537 145 576 a
161 518 312 595 juventute
325 519 459 577 coluntur
479 528 509 576 et
522 518 697 596 diliguntur;
719 517 762 575 sic
783 517 850 575 ado-

63 613 206 671 lescentes
226 633 326 673 senum
345 614 497 691 praeceptis
520 613 657 691 gaudent,
681 613 786 689 quibus
813 614 849 671 ad

63 710 199 769 virtutum
219 711 315 768 studia
333 711 495 769 ducuntur:
526 729 582 768 nec
601 711 698 769 minus
718 710 849 788 intelligo

62 826 109 864 me
129 807 220 878 vobis,
241 827 327 883 quam
347 826 397 865 vos
417 807 488 865 mihi
507 826 571 864 esse
594 807 746 884 jucundos.
789 807 879 871 Sed5

62 903 175 976 vidctis,
199 914 232 961 ut
253 914 388 961 senectus
409 922 469 961 non
491 904 578 961 modo
599 903 737 982 languida
763 913 848 979 atque

62 999 139 1057 iners
152 1018 211 1057 non
225 999 272 1072 sit,
283 1019 381 1058 verum
394 1000 481 1058 etiam
496 1000 534 1057 sit
546 1017 678 1075 operosa,
692 1010 722 1057 et
735 1018 847 1077 semper

61 1114 151 1172 agens
175 1095 282 1171 aliquid
309 1107 339 1153 et
364 1096 503 1166 moliens,
534 1096 592 1153 tale
615 1095 739 1168 scilicet,
763 1097 848 1171 quale

61 1191 199 1268 cujusque
219 1193 346 1250 studium
367 1193 397 1250 in
417 1192 565 1268 superiore
579 1191 637 1250 vita
651 1192 713 1250 fuit.
753 1191 847 1266 Quid,

61 1289 137 1364 quod
158 1289 245 1346 etiam
266 1289 419 1347 addiscunt
440 1289 567 1365 aliquidl
588 1298 620 1348 ut
634 1289 773 1346 Solonem
787 1308 848 1346 ver·
862 1295 894 1346 10

60 1384 139 1442 sibus
152 1384 324 1462 gloriantem
334 1385 473 1458 videmus,
484 1385 534 1460 qui
548 1403 589 1458 se,
600 1385 730 1461 quotidie
741 1385 848 1462 aliquid

61 1481 268 1553 addiscentem,
289 1500 388 1539 senem
409 1481 472 1540 lieri
486 1481 573 1540 dicit:
595 1491 627 1541 ut
640 1499 696 1560 ego
717 1481 783 1556 feci,
798 1482 849 1558 qui

59 1576 177 1634 Graecas
200 1576 298 1636 literas
322 1596 410 1635 senex
432 1578 538 1649 didici;
570 1596 641 1655 quas
664 1577 782 1654 quidem
804 1579 848 1638 sic
934 1568 936 1573 ¹

60 1672 146 1735 avide,
178 1673 293 1750 arripui,
321 1675 403 1749 quasi
429 1675 595 1734 diuturnam
628 1675 705 1734 sitim
732 1675 847 1754 explere

59 1768 190 1843 cupiens,
204 1779 237 1827 ut
256 1788 292 1828 ea
311 1769 373 1847 ipsa
392 1771 463 1829 mibi
482 1781 550 1831 nota
563 1781 668 1845 essent,
683 1773 787 1848 quibus
800 1790 846 1831 me
862 1787 894 1837 15

59 1884 139 1923 nunc
158 1866 296 1942 exemplis
315 1868 358 1924 nti
378 1867 490 1926 videtis.
543 1867 635 1929 Quod
655 1887 722 1927 cum
742 1869 847 1927 fecisse

60 1962 211 2019 Socratem
231 1962 261 2021 in
275 1963 379 2021 fidibus
394 1964 532 2036 audirem,
546 1964 650 2021 vellem
664 1964 797 2039 equidem
818 1975 848 2023 et

59 2058 131 2116 illud
156 2056 322 2136 (discebant
344 2060 423 2118 enim
446 2060 551 2119 fidibus
575 2059 716 2140 antiqui):
743 2061 795 2118 sed
816 2059 847 2118 in

58 2154 151 2212 literis
164 2166 244 2214 certe
257 2156 411 2216 elaboravi.

98 2346 153 2406 IX.
195 2346 244 2405 Ne
264 2367 343 2406 nunc
363 2348 479 2424 quidem
492 2348 567 2406 vires
587 2347 720 2405 desidero
739 2345 848 2404 adoles·
862 2349 894 2399 20

59 2443 163 2516 centis,
175 2442 215 2521 (is
229 2444 306 2502 enirn
320 2454 382 2502 erat
394 2445 477 2503 locus
492 2445 562 2503 alter
575 2445 612 2502 de
626 2443 703 2502 vitiis
716 2453 848 2502 senectu-

59 2541 110 2619 tis)
132 2559 191 2598 non
210 2541 285 2616 plus,
306 2560 402 2616 quam,
424 2541 602 2613 adolescens,
623 2540 699 2600 tauri
723 2550 772 2598 aut
792 2539 848 2598 ele·

59 2636 160 2712 phanti
181 2637 388 2696 desiderabam.
437 2637 529 2699 Quod
549 2647 603 2710 est,
623 2655 660 2696 eo
680 2637 767 2695 decet
786 2635 847 2708 uti3

60 2742 99 2804 et,
111 2733 251 2808 quidquid
266 2753 344 2810 agas,
360 2752 444 2810 agere
456 2752 510 2808 pro
523 2733 639 2792 viribus.
679 2733 757 2795 Quae
770 2732 848 2790 eninr

60 2846 116 2885 vox
128 2839 224 2904 potest
237 2848 300 2887 esse
314 2830 516 2905 contemptior,
531 2849 616 2906 quam
636 2828 757 2888 Milonis
777 2829 848 2889 Cro·
862 2838 894 2891 ἢ

60 2925 197 2984 toniatael
218 2927 277 3001 qui,
292 2945 360 2984 cum
376 2926 437 3003 jam
456 2944 545 2984 senex
565 2937 650 3001 esset,
672 2927 849 3002 athletasque

61 3039 94 3078 se
120 3021 150 3080 in
176 3021 323 3082 curriculo
347 3033 522 3085 exercentes
542 3023 674 3100 uideret,
697 3020 879 3096 anaqam&
