1904 3750
59 223 151 285 nna]
346 225 389 270 nr
411 225 555 271 ormena.
835 213 893 272 189

57 371 169 430 Facere
196 372 344 448 promissa,
367 383 441 430 stare
469 372 628 444 conventis,
651 372 771 430 reddere
798 371 846 430 de-

56 470 160 544 posita,
182 470 357 526 commutata
377 470 509 540 utilitate,
530 470 603 526 liunt
629 489 688 526 non
716 470 843 527 honesta.

57 567 103 623 Ac
125 567 160 623 de
182 566 217 623 iis
238 566 362 639 quidem,
384 586 446 640 quae
468 567 597 622 videntur
618 585 681 623 esse
707 566 844 624 utilitates

56 673 159 720 contra
189 662 329 737 justitiam
363 662 544 720 simulatione
576 663 746 738 prudentiae,
775 663 844 721 satis

56 759 178 816 arbitror
193 759 312 815 dictum.
857 768 874 817 5

96 856 164 927 Sed,
186 855 321 930 quoniam
345 875 361 912 a
383 865 504 931 quatuor
533 855 659 912 fontibus
686 856 844 914 honestatis

55 952 148 1026 primo
175 951 250 1008 libro
278 951 373 1008 officia
400 951 542 1021 duximuS,
564 951 594 1008 in
621 953 730 1008 eisdem
752 972 843 1011 versa-

56 1048 159 1118 bimur,
181 1066 248 1104 cum
276 1047 453 1118 docebimus,
474 1066 519 1118 ea,
540 1067 602 1122 quae
623 1047 753 1105 videntur
781 1067 844 1106 esse

56 1144 147 1214 utilia,
169 1161 263 1218 neque
291 1153 367 1214 sunt,
389 1162 473 1217 quam
498 1143 556 1199 sint
576 1142 688 1199 virtutis
715 1143 842 1202 inimica.

56 1240 103 1296 Ac
128 1240 166 1295 de
193 1239 346 1314 prudentia
380 1239 504 1313 quidem,
533 1258 618 1314 quam
645 1239 705 1296 vult
738 1238 843 1297 imitari
859 1249 890 1300 10

56 1336 181 1405 malitia;
217 1334 343 1409 itemque
371 1337 407 1391 de
431 1335 552 1412 justitia,
573 1355 635 1412 quae
663 1354 773 1410 semper
801 1348 844 1394 est

56 1432 143 1503 utilis,
159 1432 334 1506 disputatum
350 1442 401 1488 est.
444 1432 576 1506 Reliqua
591 1443 658 1488 sunt
672 1433 735 1490 dure
749 1443 844 1507 partes

55 1525 225 1598 honestatis,
247 1546 366 1603 quarum
395 1528 484 1584 altera
504 1529 533 1584 in
560 1529 647 1585 animi
674 1528 843 1588 excellentis

55 1624 256 1701 magnitudine
280 1639 308 1681 et
330 1625 496 1699 prestantia
524 1625 667 1695 cernitur;
697 1625 786 1684 altera
812 1626 842 1685 in

56 1721 287 1778 conformatione
314 1730 342 1777 et
369 1720 566 1779 moderatione
601 1723 787 1781 continentie
814 1735 843 1782 et
859 1736 890 1786 ra

55 1817 260 1892 temperantiae.

93 2007 211 2066 XXVI.
238 2008 316 2066 Utile
343 2010 492 2067 videbatur
518 2010 623 2085 Ulyssi,
653 2011 698 2087 (ut
726 2014 843 2087 quidem

54 2109 148 2181 poetae
173 2105 276 2180 tragici
298 2106 503 2180 prodiderunt;
534 2125 611 2176 nam,
637 2107 711 2180 apud
736 2107 844 2163 Home·

55 2220 128 2272 rum,
150 2201 289 2276 optimum
318 2212 475 2271 auctorem,
497 2200 561 2257 talis
581 2200 617 2257 de
636 2200 738 2274 Ulysse
764 2201 845 2260 nulla

55 2297 183 2373 suspicio
196 2298 253 2375 est)
266 2298 316 2353 sed
330 2297 498 2354 insimulant
510 2315 575 2353 eum
590 2297 746 2372 tragoediae,
758 2299 844 2354 simu·
858 2306 890 2356 20

55 2393 163 2451 latione
188 2394 306 2450 insaniae
330 2394 461 2450 militiam
488 2393 685 2469 subterfugere
710 2393 889 2476 voluissew

55 2489 124 2546 Non
149 2491 301 2547 honestum
328 2491 497 2547 consilium:
527 2501 555 2546 at
576 2490 645 2547 utile
668 2489 713 2566 (ut
741 2490 844 2565 aliquis

56 2585 176 2644 sortasse
191 2586 307 2666 dixerit)
325 2606 455 2662 regnare,
470 2597 499 2643 et
513 2586 621 2644 Ithacae
636 2587 730 2643 vivere
751 2587 843 2643 otiose

56 2699 121 2740 cunr
141 2683 319 2758 perentibus
342 2701 408 2739 cum
431 2702 529 2755 uxore,
551 2702 617 2740 cum
639 2682 705 2739 filio.
746 2683 843 2740 Ullum

55 2788 86 2836 tu
112 2780 204 2837 decus
232 2779 261 2835 in
288 2778 462 2853 quotidianis
488 2778 624 2854 periculis
648 2789 676 2835 et
697 2777 890 2840 laboribus25

56 2893 121 2935 cum
134 2877 191 2934 hac
202 2875 407 2949 tranquillitate
418 2875 624 2932 conferendum
637 2876 738 2951 putasl
779 2874 848 2952 ago

55 2991 122 3033 raro
142 2974 228 3032 istam
250 2970 495 3033 contemnendam
509 2983 540 3034 et
553 2971 782 3054 elaborandam,
799 2985 880 3047 qun·
