1904 3750
63 654 125 717 '128
401 663 445 713 ou
468 662 614 714 ormous.
821 659 905 725 [uit

113 815 248 874 adversus
271 835 322 875 eos
342 837 414 894 quos
434 817 541 877 inritus
561 817 701 890 offendas,
721 816 905 894 qudcumque

78 955 85 979 s
111 912 214 988 possis,
230 932 318 988 quare
332 914 371 986 id,
387 915 462 990 quod
477 915 591 987 leceris,
603 933 723 973 neeesse
738 914 833 985 luerit,
847 931 904 973 neo

113 1009 194 1067 aliter
215 1010 311 1068 faeere
330 1012 476 1087 potueris:
502 1012 672 1088 eaeterisque
692 1011 788 1088 operis
801 1022 831 1069 et
844 1011 908 1069 offi«

112 1106 167 1164 ciis
181 1107 245 1179 erit,
260 1107 337 1183 quod
351 1108 489 1166 violatum
503 1118 556 1181 est,
571 1108 827 1185 compensandum.

80 1305 98 1354 5
151 1299 222 1357 XX.
245 1300 304 1357 Sed
332 1319 409 1373 oum,
438 1299 468 1358 in
496 1300 660 1360 hominibus
684 1299 828 1377 juvandis,
857 1309 907 1359 aut

112 1413 206 1453 mores
220 1396 355 1472 spectari,
372 1406 420 1454 aut
434 1396 549 1454 fortuna
562 1396 670 1467 soleat;
692 1396 773 1454 diotu
788 1396 906 1471 quidem

112 1502 156 1549 est
169 1493 307 1568 proclive,
322 1493 419 1569 itaque
433 1494 520 1571 vulgo
536 1493 704 1568 loquuntur,
719 1512 760 1565 se,
771 1493 805 1551 'in
820 1494 908 1552 bene-

112 1587 186 1646 ficiis
198 1589 386 1661 collocandis,
398 1608 494 1647 mores
509 1590 669 1662 hominum,
681 1609 740 1647 uon
752 1590 907 1662 fortunam,

113 1686 203 1761 sequi.
242 1685 375 1743 Honesta
385 1687 477 1743 oratio
489 1697 540 1744 est.
579 1687 637 1743 Sed
650 1686 713 1762 quis
724 1697 767 1743 est
777 1686 908 1759 tandem,

67 1789 98 1838 10
114 1781 162 1855 qui
177 1781 271 1856 inopis
285 1791 314 1838 et
328 1781 429 1856 optimi
442 1781 495 1841 viri
511 1801 605 1839 oausae
620 1801 679 1839 non
695 1792 859 1858 anteponat,
875 1783 907 1840 iu

113 1879 201 1953 opera
216 1878 320 1950 daudd,
336 1879 457 1955 gratiam
480 1879 618 1936 fortunati
640 1889 668 1936 et
688 1880 834 1955 potentis?
877 1880 906 1937 A

113 1993 170 2048 quo
185 1975 262 2030 enim
276 1975 435 2049 expeditior
449 1986 478 2032 et
493 1976 613 2033 celerior
635 1977 830 2034 remuneratio
845 1977 909 2035 sore

113 2071 235 2142 videtur,
252 2071 281 2128 in
296 2089 361 2128 eum
384 2072 443 2128 fere
460 2083 503 2129 est
518 2073 649 2130 voluntas
670 2085 767 2131 nostra
786 2093 910 2150 propen-

114 2167 179 2224 sior.
222 2168 280 2224 sed
297 2168 582 2227 animadvertendum
598 2182 641 2226 est
655 2170 831 2247 diligentiuS,
844 2190 905 2246 quae

67 2271 98 2319 15
114 2276 216 2322 natura
236 2285 331 2323 rerum
353 2266 397 2322 sit.
440 2266 586 2323 Nimirum
608 2267 685 2324 enim
708 2267 791 2343 inops
809 2268 866 2340 ille,
882 2268 906 2325 si

114 2362 207 2419 bonus
221 2372 265 2419 est
276 2363 327 2434 vir,
340 2363 427 2419 etiam
442 2363 466 2419 si
480 2363 586 2420 referre
597 2364 719 2440 gratiam
732 2383 789 2421 non
801 2376 905 2440 potest,

114 2459 219 2516 habere
241 2470 319 2516 certe
333 2470 435 2534 potest.
478 2461 640 2517 Commode
655 2472 761 2533 autem,
778 2462 907 2537 quicum·

113 2575 168 2632 que
180 2557 261 2628 dixit,
275 2547 455 2632 “peeuuiam
470 2558 519 2631 qui
534 2559 648 2629 habeat,
659 2578 718 2616 non
729 2560 905 2629 reddidisse;

113 2653 161 2729 qui
182 2655 350 2725 reddiderit,
372 2674 429 2712 non
451 2655 574 2725 habere3
603 2655 724 2731 gratiam
750 2667 856 2727 autem,
878 2667 907 2713 et

65 2761 98 2812 20
114 2751 163 2825 qui
184 2752 323 2823 retulerit,
346 2752 462 2821 habere,
484 2762 513 2808 et
534 2752 582 2826 qui
607 2753 721 2823 habeat,
744 2753 905 2811 retulisse.”

113 2850 164 2920 At,
186 2849 235 2923 qui
256 2868 287 2905 se
307 2849 474 2924 loeupleteS‚
495 2849 658 2919 honoratos,
674 2850 773 2905 beatos
793 2861 907 2924 putant,

113 2945 201 3002 hine
223 2945 345 3022 obligari
366 2946 481 3021 quidem
504 2946 645 3003 beneficio
666 2946 773 3004 volunt.
821 2948 905 3009 Quin

113 3043 200 3099 etiam
228 3042 402 3099 beneficium
429 3061 460 3099 se
487 3043 600 3100 dedisse
629 3043 812 3115 arbitrantur,
838 3065 904 3104 oum

113 3139 167 3215 ipsi
183 3139 311 3214 quamvis
332 3158 470 3215 magnum
485 3140 600 3215 aliquod
616 3142 796 3216 acceperint:
820 3154 902 3219 atque

64 3239 96 3288 25
113 3236 199 3293 etiarn
223 3257 239 3293 a
258 3255 289 3293 se
309 3235 446 3311 postulari
469 3248 517 3294 aut
533 3238 693 3313 exspectari
715 3239 823 3314 aliquid
845 3261 899 3297 sue

98 3331 262 3403 picantur:
288 3333 452 3411 patrocinio
476 3354 543 3394 vero
569 3355 599 3393 se
628 3355 702 3408 moe,
727 3346 756 3393 et
784 3337 897 3395 clienter

89 3429 252 3507 appellari,
281 3433 391 3495 mortis
419 3433 511 3496 instar
537 3443 649 3516 uutaut.
697 3433 737 3493 m
760 3453 828 3494 vero
855 3434 894 3493 ill
