1904 3750
62 233 123 295 aa]
350 228 395 285 tar:
415 233 559 282 osricus.
856 220 897 279 53

95 381 204 458 Atque,
218 381 311 440 etiam
332 381 363 439 in
384 380 602 439 secundissimis
616 379 712 453 rebus,
727 380 852 440 maxime

62 489 99 536 est
120 479 263 536 utendum
284 478 409 536 consilio
432 478 606 548 amicorum3
638 477 739 552 hisque
760 479 850 554 major

59 575 151 646 etiam,
167 593 257 649 quam
273 584 351 646 ante,
366 574 520 631 tribuenda
534 574 697 631 auctoritas.
731 573 851 631 Iisdem·

60 690 112 745 qne
125 671 309 746 temporibus
325 670 487 726 cavendum
501 680 554 743 est,
569 689 606 726 ne
627 671 850 728 assentatoribus

59 767 267 840 patefaciamus
282 785 377 838 aures,
386 773 448 822 'nec
463 766 572 823 adulari
585 786 640 824 nos
653 767 797 824 sinamus:
819 767 849 824 in
862 772 879 820 ὅ

60 881 113 936 quo
126 863 189 919 falli
204 861 293 918 facile
307 872 360 918 est.
402 861 491 918 Tales
511 862 589 920 enim
603 881 656 919 nos
672 860 770 943 [tunc]
786 881 849 920 esse

60 969 201 1032 putamus,
223 968 257 1014 ut
274 957 340 1033 jure
361 957 528 1015 laudemur:
556 977 592 1014 ex
615 978 672 1032 quo
690 970 849 1017 nascuntur

61 1053 284 1111 innumerabilia
292 1063 431 1129 peccata:
453 1073 520 1111 cum
535 1053 676 1125 homines,
688 1055 779 1112 inflati
790 1055 850 1130 opi·

60 1150 205 1221 nicnibus,
220 1149 343 1224 turpiter
366 1149 530 1222 irridentur,
545 1160 574 1208 et
595 1150 624 1206 in
645 1150 776 1206 maximis
790 1168 850 1206 ver·

59 1257 155 1302 santur
170 1246 328 1303 erroribus.
372 1245 429 1302 Sed
444 1247 507 1303 haec
521 1246 637 1321 quidem
652 1244 800 1302 hactenus.
864 1254 896 1304 10

94 1341 172 1399 Illud
195 1353 292 1399 autem
307 1341 352 1398 sic
366 1352 410 1398 est
420 1342 621 1417 judicandum,
636 1341 775 1399 maximas
789 1341 850 1417 geri

59 1456 111 1505 res,
126 1448 156 1494 et
176 1437 297 1494 maximi
319 1437 419 1505 animi,
435 1439 470 1495 ab
491 1439 527 1495 iis
547 1439 596 1513 qui
616 1438 794 1514 respublicas
807 1456 851 1495 re·

59 1545 135 1609 gant,
150 1535 230 1609 quod
249 1552 351 1591 earum
371 1532 578 1592 administratio
592 1535 729 1592 latissime
742 1545 848 1611 pateat,

60 1630 93 1686 ad
119 1630 321 1706 plurimosque
349 1630 499 1704 pertineat.
542 1631 613 1688 Esse
635 1642 730 1689 autem
751 1632 848 1708 magni

60 1727 156 1798 animi,
171 1737 202 1784 et
215 1727 316 1797 fuisse,
332 1727 435 1796 multos
456 1727 542 1784 etiam
562 1728 592 1785 in
610 1728 668 1785 vitai
682 1729 785 1798 otiosi,
800 1728 848 1803 qui
864 1734 894 1782 15

61 1833 105 1879 aut
119 1823 331 1900 investigarent
346 1832 394 1878 aut
405 1834 578 1880 conarentur
589 1844 694 1901 magna
708 1824 848 1899 quaedam,

59 1937 177 1994 seseque
198 1937 319 1976 suarum
340 1937 435 1976 rerum
451 1919 555 1976 finibus
569 1921 766 1990 continerent;
789 1930 847 1990 aut,

58 2013 201 2091 interjecti
223 2015 300 2072 inter
321 2014 506 2091 philosophos
522 2026 550 2072 et
569 2035 619 2073 eos
633 2017 681 2091 qui
695 2016 849 2091 rempubli-

57 2128 120 2168 cam
136 2111 384 2181 administrarent,
400 2111 609 2167 delectarentur
620 2130 651 2167 re
665 2112 718 2167 suat
730 2110 848 2168 familia·

58 2207 91 2277 ri,
105 2227 165 2265 non
180 2226 245 2265 eam
261 2205 379 2280 quidem
398 2207 476 2264 omni
498 2207 610 2264 ratione
632 2217 847 2282 exaggerantes,
862 2217 893 2266 20

59 2321 150 2378 neque
171 2302 363 2360 excludentes
384 2305 420 2360 ab
439 2303 502 2379 ejus
523 2321 576 2359 usu
591 2321 674 2370 suos;
695 2301 848 2377 potiusque

57 2409 85 2455 et
105 2400 210 2457 amicis
231 2398 439 2474 impertientes,
454 2409 483 2456 et
502 2399 678 2475 reipublice,
694 2397 718 2453 si
733 2396 848 2471 quando

60 2513 125 2552 usus
143 2506 230 2553 esset.
271 2494 349 2555 Quae
369 2495 492 2570 primum
514 2496 587 2551 bene
607 2503 688 2570 parta
708 2492 754 2562 sit,
768 2491 848 2548 nullo

60 2607 151 2665 neque
172 2591 252 2666 turpi
277 2600 397 2663 quaestu,
418 2609 512 2664 neque
533 2590 652 2646 odioso:
680 2598 740 2644 tum
762 2605 847 2660 quam

60 2687 198 2760 plurimis,
209 2686 298 2743 modo
309 2685 414 2762 dignis,
426 2704 456 2741 se
467 2685 566 2742 utilem
576 2686 703 2762 praebeat
715 2703 720 2740 :
743 2682 847 2740 deinde
860 2687 892 2736 25

61 2795 197 2860 augeatur
225 2783 350 2852 ratione,
378 2781 538 2857 diligentid,
562 2780 758 2858 parsimonid3
791 2798 846 2837 nec

61 2878 171 2938 libidini
199 2880 299 2957 potius
319 2878 504 2952 luxuriaeque,
526 2897 611 2952 quam
632 2875 795 2933 liberalitati
817 2886 846 2932 et

61 2975 269 3046 beneficentiae,
287 2973 423 3058 [pateat]
455 2973 530 3038 Hac
549 2973 721 3059 proscripta
737 2991 856 3035 sarran-

286 3074 309 3130 5
317 3071 335 3107 Ι
