1904 3750
83 661 152 720 134·
416 674 460 720 nu
481 673 626 721 osricus.
833 673 871 732 [ι.
882 674 912 720 11.

166 820 272 897 Atque,
294 822 324 879 in
345 822 400 879 hac
425 822 555 898 pernicie
581 821 757 896 reipublicae,
777 838 815 877 ne
835 820 912 878 illam

125 916 241 993 quidem
272 929 496 994 consequuntur,
525 937 608 992 quam
642 926 755 993 putant,
783 917 912 994 gratiam.

126 1014 213 1082 Nam,
229 1015 277 1072 cui
298 1033 343 1072 res
364 1026 462 1090 erepta
476 1025 528 1087 est,
543 1025 586 1071 est
601 1015 752 1095 inimicus,
775 1014 822 1071 cui
837 1015 928 1088 data,-

126 1111 211 1167 etiam
227 1110 388 1167 dissimulat
401 1129 432 1167 se
444 1112 576 1186 accipere
587 1111 726 1167 voluisse:
748 1119 777 1166 et
791 1110 915 1166 maxime

96 1206 155 1264 5in
176 1207 309 1281 pecuniis
329 1207 447 1263 creditis
463 1207 591 1263 occultat
611 1225 693 1263 suum
716 1207 863 1282 gaudium,
878 1226 914 1264 ne

126 1303 254 1359 videatur
275 1322 333 1359 non
355 1303 442 1361 fuisse
463 1303 608 1360 solvendo
650 1303 691 1359 At
705 1322 772 1358 vero
793 1302 851 1373 ille,
865 1303 914 1377 qui

128 1399 234 1474 accipit
264 1399 407 1475 injuriam,
435 1409 465 1456 et
491 1399 631 1471 meminit,
659 1410 688 1455 et
714 1419 774 1475 prae
802 1417 833 1456 se
861 1400 915 1456 fert

127 1495 255 1552 dolorem
280 1515 379 1553 suum:
408 1515 473 1567 nec,
498 1495 522 1552 si
545 1496 641 1571 plures
665 1507 731 1552 sunt
756 1495 786 1566 ii,
812 1496 915 1569 quibus

125 1591 257 1667 improbe
287 1593 385 1649 datum
411 1603 465 1663 est,
492 1612 576 1667 quam
605 1592 645 1648 illi
672 1593 776 1666 quibus
811 1593 914 1667 injuste

64 1740 65 1744 ,
83 1701 113 1749 10
129 1689 292 1764 ademptum
313 1699 364 1758 est,
380 1688 490 1745 idcirco
511 1689 574 1763 plus
594 1688 681 1745 etiam
703 1689 804 1744 valent.
846 1687 913 1744 Non

128 1785 205 1841 enim
239 1803 360 1841 numero
393 1785 455 1841 haec
487 1785 663 1859 judicantur,
694 1785 743 1840 sed
777 1784 913 1858 pondere.

126 1882 224 1941 Quam
247 1891 341 1936 autem
357 1880 442 1936 habet
459 1880 631 1955 aequitatem,
646 1893 677 1936 ut
692 1899 801 1955 agrum,
818 1880 915 1936 multis

128 1977 210 2032 annis
226 1977 374 2032 autetiam
389 1977 502 2033 saeculis
518 1987 583 2033 ante
596 1996 769 2052 possessum,
785 1977 833 2050 qui
853 1977 914 2033 nul-

126 2070 185 2128 lum
206 2073 315 2143 habuit,
331 2073 449 2142 habeat;
472 2076 520 2147 qui
543 2085 638 2129 autem
659 2073 767 2143 habuit,
784 2073 913 2129 amittatl

82 2274 113 2321 15
166 2263 282 2320 XXIII.
304 2265 360 2333 Ac,
374 2276 488 2339 propter
510 2265 563 2321 hoc
585 2264 695 2340 injuriae
710 2284 810 2341 genus,
826 2264 915 2321 Lace·

127 2359 260 2416 daemonii
280 2361 459 2435 Lysandrum
474 2363 611 2436 ephorum
628 2361 812 2434 expulerunt;
838 2362 914 2436 Agin

127 2473 224 2531 regem
238 2455 327 2532 (quod
343 2476 489 2531 nunquam
506 2467 589 2513 antea
601 2457 675 2531 apud
691 2474 740 2512 eos
753 2457 912 2535 acciderat)

127 2564 317 2610 necaverunt:
340 2573 374 2610 ex
395 2572 487 2628 eoque
507 2563 635 2628 tempore
656 2563 742 2609 tantae
763 2553 913 2609 discordiae

128 2659 234 2706 sccutae
248 2660 323 2720 sunt,
340 2660 370 2706 ut
384 2661 413 2705 et
427 2650 539 2724 tyranni
559 2649 737 2718 exsisterent,
753 2660 781 2705 et
796 2649 914 2723 optima·

81 2749 112 2796 20
127 2755 170 2801 tes
191 2746 457 2815 exterminarentur,
473 2756 501 2801 et
520 2744 737 2820 praeclarissime
759 2745 914 2801 constituta

127 2842 288 2916 respublica
302 2841 491 2897 dilaberetur:
513 2859 568 2896 nec
580 2859 646 2896 voro
660 2841 752 2896 solum
768 2841 828 2915 ipsa
840 2839 914 2897 ceci·

127 2937 178 3007 dit,
200 2937 356 2998 sedetiam
378 2937 517 3011 reliquam
545 2936 688 2992 Graeciam
717 2937 818 2993 evertit
846 2956 914 2992 con·

126 3033 290 3109 tagionibus
310 3032 459 3102 malorum,
474 3051 580 3107 quae,a
601 3031 831 3088 Lacedaemoniis
851 3051 913 3108 pro-

127 3129 219 3200 fectae,
241 3129 391 3185 mandarunt
419 3128 512 3186 latius.
554 3128 656 3189 Quidt
684 3139 797 3183 nostros
824 3129 913 3184 Grac·

81 3229 113 3276 25
128 3223 206 3295 chOS,
228 3223 276 3280 Ti.
298 3222 435 3293 Gracchi,
457 3223 561 3279 summi
589 3221 652 3292 viri,
673 3221 757 3291 filios,
780 3223 912 3280 Africani

117 3330 252 3391 nepotes,
281 3338 379 3377 nonne
407 3319 525 3396 agrariae
552 3318 755 3376 contentiones
782 3320 913 3394 perdide-

104 3414 203 3468 runt?
