1904 3750
74 679 131 736 118
408 684 452 732 oa
474 685 619 732 canons.
828 681 866 743 [L.
875 682 907 730 11.

118 853 184 892 curn
209 835 246 891 de
269 834 451 911 philosophia
479 835 649 913 scriberem)
672 851 731 891 non
759 832 904 905 auderem,

118 930 174 987 nisi
189 931 264 988 idem
278 930 405 1006 placeret
427 932 595 1007 gravissimo
619 932 793 1001 Stoicorum,
807 930 906 986 Panae·

118 1026 169 1084 tio.
219 1027 346 1084 Maxime
370 1037 464 1085 autem
480 1039 508 1084 et
522 1027 614 1104 gloria
634 1028 742 1104 paritur
764 1037 793 1084 et
814 1026 907 1103 gratia

119 1122 350 1192 defensionibus;
372 1141 463 1198 eoque
484 1123 584 1198 major,
604 1123 628 1179 si
650 1120 767 1197 quando
789 1121 905 1191 accidit,

87 1227 150 1276 5ut
172 1219 199 1276 ei
222 1219 414 1290 subveniatur,
438 1219 486 1293 qui
509 1219 635 1294 potentis
659 1219 780 1294 alicujus
804 1217 907 1293 opibus

119 1315 320 1373 circumveniri
342 1314 495 1391 urgerique
508 1315 654 1373 videatur:
677 1324 708 1371 ut
722 1332 775 1371 nos
789 1324 818 1370 et
832 1331 906 1389 saepe

119 1412 199 1483 alias,
214 1422 243 1468 et
257 1410 464 1482 adolescentes
480 1422 581 1469 contra
603 1411 635 1468 L.
651 1411 737 1469 Sullae
759 1410 907 1467 dominan-

119 1509 155 1566 tis
169 1527 248 1584 opes,
262 1527 315 1584 pro
338 1508 366 1565 S.
383 1507 492 1566 Roscio
513 1508 653 1566 Amerino
674 1508 811 1564 fecimus:
832 1525 905 1583 quae,

119 1615 152 1663 ut
165 1606 233 1678 scis,
248 1614 339 1664 exstat
352 1605 452 1662 oratio.

74 1810 105 1859 10
159 1798 225 1856 XV.
248 1799 316 1871 Sed,
331 1799 466 1875 expositis
488 1797 712 1856 adolescentium
727 1796 829 1853 officiis
843 1815 905 1870 quae

119 1895 232 1952 valeant
257 1895 292 1952 ad
316 1895 436 1972 gloriam
462 1894 686 1970 adipiscendam,
709 1893 845 1968 deinceps
868 1893 905 1949 de

120 1992 312 2048 beneficentia
336 2011 369 2048 ac
388 1993 557 2048 liberalitate
572 1990 727 2047 dicendum
742 2001 801 2059 est;
823 1990 906 2065 cujus

120 2098 163 2143 est
190 2088 263 2144 ratio
290 2088 411 2163 duplex:
445 2108 511 2146 nam
541 2098 588 2144 aut
615 2086 702 2161 operia
726 2087 851 2162 benigne
875 2086 906 2142 fit

120 2183 325 2259 indigentibuS,
356 2185 564 2259 aut-pecunia.
619 2183 746 2240 Facilior
773 2192 817 2238 est
843 2182 905 2238 haec

75 2281 105 2330 15
119 2280 269 2355 posterior,
292 2280 427 2356 locupleti
448 2280 621 2355 praesertim:
651 2270 705 2334 sed¹
729 2278 777 2335 illa
804 2278 906 2335 lautior

122 2395 156 2434 ac
183 2376 368 2451 splendidior,
394 2387 423 2434 et
446 2377 507 2434 viro
534 2376 598 2433 forti
627 2376 761 2449 claroque
783 2375 905 2451 dignior.

35 2508 38 2516 ⁴
120 2473 295 2548 Quanquam
319 2475 396 2531 enim
420 2474 450 2530 in
478 2485 599 2547 utroque
625 2473 699 2528 inest
726 2471 906 2548 gratificandi

120 2569 246 2626 liberalis
260 2571 398 2642 voluntas
414 2580 510 2628 tamen
526 2569 613 2626 altera
627 2588 662 2626 ex
677 2569 753 2638 arca,
770 2568 858 2625 altera
872 2587 904 2624 ex

121 2667 233 2738 virtute,
257 2667 449 2742 depromitur:
480 2666 659 2743 largitioque‚
683 2684 745 2739 quae
767 2664 798 2721 fit
820 2683 855 2720 ex
877 2683 901 2721 rr

73 2771 105 2820 20
122 2764 264 2835 familiari,
290 2764 398 2821 sontem
429 2764 522 2838 ipsum
554 2760 740 2837 benignitatis
766 2761 897 2818 exhaurit

120 2859 166 2917 Ita
188 2861 364 2936 benignitate
387 2859 549 2935 benignitas
570 2859 695 2926 tollitur;
717 2857 774 2931 quai
796 2876 853 2932 quo
877 2857 896 2914 ir

119 2957 214 3034 plures
229 2977 297 3014 usus
311 2956 359 3027 sis,
374 2975 410 3012 eo
424 2956 519 3013 minus
533 2956 562 3012 in
578 2955 682 3011 multos
697 2954 738 3010 uti
752 2955 852 3028 possis.

160 3054 201 3110 At
227 3053 275 3127 qui
306 3053 402 3127 operia,
432 3052 459 3108 id
488 3062 541 3123 est,
568 3051 672 3108 virtute
699 3061 728 3106 et
756 3051 891 3107 industrii

54 3215 56 3219 ,
121 3149 243 3206 benefici
257 3159 286 3205 et
299 3148 431 3205 liberales
445 3159 537 3219 erunt,
552 3148 684 3223 primum,
701 3165 757 3220 quo
778 3146 888 3222 pluribu

72 3250 106 3298 25
117 3244 286 3319 proluerint,
318 3263 352 3301 eo
384 3243 481 3318 plures
515 3245 550 3301 ad
584 3243 709 3319 benigne
743 3242 886 3300 faciendur

109 3340 263 3413 adjutores
282 3340 447 3399 habebunt:
469 3339 583 3411 deinde,
599 3339 809 3397 consuetudine
824 3341 883 3398 ben

95 3430 244 3511 decutio,
260 3439 431 3518 paratiores
452 3449 552 3514 erunt,
570 3447 602 3498 et
618 3446 757 3512 tanquam
772 3437 880 3498 exercit
