1904 3750
57 257 121 316 nr]
208 219 212 225 ⁵
356 253 399 300 ns
418 252 563 302 osricus.
856 242 896 302 28

58 414 148 471 tonus,
171 401 268 478 quod·
282 400 403 459 Theseo
429 402 609 478 promiserat,
633 419 693 459 non
720 401 846 475 fecisset,

57 499 188 558 Theseus
210 499 272 556 lilio
293 497 453 574 Hippolyto
471 517 530 555 non
545 507 621 555 esset
635 500 759 557 orbatus.
801 499 848 558 Ex

57 597 143 654 tribus
164 595 247 653 enirn
268 595 386 670 optatis,
407 593 452 671 (ut
470 594 622 674 scribitur)
637 597 694 654 hoc
711 606 773 654 erat
792 606 848 653 ter-

56 691 135 764 tium,
150 691 230 767 quod
244 691 282 747 de
304 689 456 766 Hippolyti
477 691 595 749 interitu
616 691 703 750 iratus
722 693 846 769 optavit:

56 807 110 862 quo
124 789 289 864 impetrato,
306 787 337 844 in
352 787 491 844 maximos
510 788 607 845 luctus
628 788 740 846 incidit.
781 789 880 848 Nec5

55 885 195 962 promissa
215 884 306 962 igitur
328 884 468 941 servanda
485 894 552 942 sunt
573 903 617 957 ea,
637 905 699 960 quae
722 886 780 943 sint
801 886 847 958 iis,

56 983 158 1055 quibus
177 980 359 1057 promiseris,
374 980 501 1038 inutiliai
522 1000 590 1051 nec,
604 981 628 1038 si
648 982 712 1057 plus
731 983 783 1039 tibi
798 1001 849 1040 no·

57 1088 149 1150 ceant,
169 1097 259 1152 quarn
282 1076 325 1134 illi
348 1077 467 1152 prosint,
483 1077 531 1135 cui
553 1078 728 1153 promiseris,
748 1089 849 1136 contra

55 1175 181 1233 officium
201 1184 257 1246 est,
271 1173 366 1250 majus
387 1175 522 1250 anteponi
543 1173 665 1231 minori:
686 1183 728 1245 ut,
743 1174 768 1230 si
782 1193 850 1231 con·

56 1272 181 1329 stitueris
196 1285 226 1328 te
237 1271 366 1346 cuipiam
378 1271 547 1328 advocatum
562 1271 592 1327 in
607 1290 667 1328 rem
681 1281 850 1346 praesentem
866 1279 896 1328 1⁰

56 1387 118 1425 esse
139 1378 307 1439 venturum,
324 1377 408 1441 atque
429 1368 543 1425 interim
566 1368 690 1445 graviter
711 1378 850 1444 egrotare

56 1465 131 1522 filius
144 1465 277 1539 coeperit,
290 1482 350 1520 non
362 1465 399 1520 sit
411 1456 514 1521 ¹contra
525 1465 662 1537 officium,
673 1484 732 1522 non
744 1465 848 1538 facere,

57 1563 130 1636 quod
153 1561 281 1630 dixeris3
304 1561 451 1639 magisque
474 1561 532 1632 ille,
547 1562 596 1618 cui
616 1563 787 1637 promissum
802 1550 848 1634 sit,

58 1659 92 1716 ab
116 1658 218 1716 officio
241 1657 383 1729 discedat,
408 1657 433 1714 si
455 1677 485 1714 se
512 1659 681 1717 destitutum
705 1668 849 1734 queratur.

58 1755 122 1813 Jam
143 1755 203 1812 illis
226 1754 376 1830 promissis
396 1755 529 1812 standum
550 1774 610 1812 non
624 1775 697 1827 esse,
713 1757 777 1831 quis
790 1776 849 1814 non
866 1766 897 1816 15

58 1852 144 1923 ridet,
158 1870 225 1927 que
240 1859 359 1908 coactus
372 1851 436 1924 quis
449 1862 538 1923 metu,
549 1872 612 1927 quaa
623 1852 761 1928 deceptus
772 1854 849 1926 dolo,

58 1947 244 2026 promiseritl
266 1967 330 2022 quae
351 1948 467 2021 quidem
486 1949 622 2024 pleraque
641 1950 705 2026 jure
718 1951 851 2027 praetorio

58 2045 230 2115 liberantur,
245 2043 386 2101 nonnulla
399 2043 520 2121 legibus.
569 2032 572 2037 ¹

96 2141 253 2199 Exsistunt
280 2141 368 2198 ctiam
389 2160 464 2216 saepe
485 2141 596 2218 injuriae
617 2143 762 2200 calumnia
783 2143 854 2215 quai:

58 2238 135 2309 dam,
150 2247 183 2294 et
203 2236 290 2294 nimis
312 2237 427 2309 callida,
443 2238 493 2295 sed
514 2239 656 2296 malitiosi
673 2239 746 2314 juris
766 2237 852 2295 inter·
866 2253 899 2302 20

57 2334 229 2411 pretatione.
269 2333 315 2390 Ex
325 2352 382 2408 quo
394 2333 474 2406 illud,
490 2335 672 2391 “Summum
683 2335 730 2410 jus
741 2352 853 2392 summa

60 2430 197 2506 injuria‚''
224 2430 333 2487 sactum
361 2441 405 2487 est
428 2431 488 2507 jam
513 2431 612 2487 tritum
634 2448 765 2487 sermone
788 2449 852 2504 pro-

60 2527 201 2584 verbium.
241 2526 315 2587 Quo
337 2526 367 2583 in
395 2546 501 2604 genere
530 2527 617 2584 etiarn
645 2527 675 2584 in
701 2525 851 2602 republica

61 2623 153 2680 multa
174 2633 352 2698 peccantur:
374 2633 404 2679 ut
428 2624 486 2696 ille,
501 2624 559 2698 qui,
575 2643 640 2682 cum
659 2623 777 2700 triginta
794 2622 853 2680 die·

62 2739 125 2777 rum
152 2729 251 2777 essent
279 2738 347 2776 curn
374 2720 455 2777 hoste
482 2730 576 2796 pactae
604 2720 738 2791 induciae,
762 2729 852 2777 noctu
868 2725 901 2775 25

62 2817 253 2893 populabatur
276 2835 371 2893 agros,
395 2817 471 2892 quod
495 2817 607 2874 dierum
631 2826 727 2873 essent
750 2827 853 2892 pactae,

62 2931 119 2972 non
139 2914 283 2986 noctium,
299 2913 433 2970 inducie.
475 2913 524 2971 Ns
543 2923 640 2971 noster
660 2914 776 2989 quidem
789 2932 855 2991 pro·

64 3010 182 3083 broilus,
210 3011 237 3069 si
260 3029 356 3069 rerum
384 3021 439 3088 est,
461 3011 503 3079 Q.
525 3011 657 3077 Fabium
680 3013 879 3082 Labeonem,
