1904 3750
233 293 466 353 tnnms,s1vn
487 292 531 339 nn
553 292 710 340 surcrru.
872 283 911 344 st

73 453 104 498 et
125 441 154 499 in
176 441 232 499 illis
253 442 368 517 quidem
388 441 524 517 parandis
545 440 682 498 adhibere
703 459 811 513 curam,
833 441 863 499 in

75 537 177 594 amicis
203 538 345 615 eligendis
372 538 552 615 negligentes
572 555 653 595 esse:
681 556 737 595 nec
757 537 863 597 habere

69 633 155 709 quasi
175 633 259 711 signa
279 633 408 708 quaedam
423 644 452 692 et
466 643 557 706 notas,
572 633 676 708 quibus
688 653 748 705 cos,
764 634 813 708 qui
827 634 863 692 ad

53 790 59 804 ,
75 729 230 786 amicitiam
244 740 341 787 essent
354 730 460 802 idonei,
473 729 645 806 judicarent.
687 731 762 787 Sunt
776 730 863 807 igitur

73 825 159 898 firmi,
179 837 208 884 et
228 827 355 899 stabiles,
377 837 406 884 et
428 835 594 884 constantes
614 826 757 902 eligendi3
780 827 895 903 cujus5

73 923 188 998 generis
209 933 253 980 est
274 942 380 1000 magna
392 922 529 998 penuria:
550 931 580 979 et
599 922 729 998 judicare
746 923 863 981 difficile

69 1028 117 1074 est
130 1038 209 1090 sane,
223 1019 280 1076 nisi
301 1030 467 1095 expertum:
488 1018 694 1094 experiendum
709 1029 804 1076 autem
818 1031 862 1078 est

71 1114 103 1170 in
117 1115 179 1189 ipsit
191 1116 325 1173 amicitiai.
360 1115 405 1173 Ita
414 1115 564 1192 praecurrit
576 1115 703 1172 amicitia
709 1105 860 1192 judicium,

72 1211 200 1287 tollitque
214 1212 380 1287 experiendi
394 1222 575 1288 potestatem.
832 1289 834 1294 s
856 1284 859 1289 Ι

112 1306 165 1365 Est
179 1308 267 1384 igitur
285 1308 445 1384 prudentis,
464 1308 617 1381 sustinere,
632 1317 664 1367 ut
677 1326 803 1381 currum,
819 1308 862 1367 sic
878 1315 909 1366 10

68 1402 209 1479 impetum
230 1405 437 1463 benevolentiae
446 1426 454 1477 ;
476 1423 533 1480 quo
549 1416 672 1472 utamur,
687 1406 768 1480 quasi
781 1406 862 1482 equis

70 1500 197 1572 tentatis,
222 1501 266 1559 sic
289 1501 435 1574 amicitiis,
461 1501 557 1576 aliqud
584 1512 665 1578 parte
691 1502 862 1579 periclitatis

70 1596 198 1655 moribus
220 1597 387 1656 amicorum.
427 1598 558 1659 Quidam
580 1618 655 1675 saepe
670 1599 700 1657 in
712 1600 801 1675 parvi
814 1618 862 1676 pe·

70 1691 158 1748 cunia
177 1693 401 1769 perspiciuntur,
423 1713 508 1769 quam
529 1695 587 1752 sint
606 1695 701 1753 leves:
732 1696 860 1771 quidam,

68 1805 143 1862 quos
161 1806 250 1863 parva
268 1808 384 1847 movere
404 1808 463 1847 non
483 1791 586 1867 potuit,
602 1803 816 1868 cognoscuntur
830 1792 861 1850 in
876 1804 907 1852 15

69 1883 184 1960 magud.
226 1884 279 1942 Sin
292 1903 361 1942 vero
379 1896 463 1943 erunt
478 1886 566 1961 aliqui
579 1887 697 1962 reperti,
712 1889 761 1962 qui
774 1907 861 1964 pecu·

68 1979 147 2037 niam
173 1980 307 2055 praeferre
336 1981 480 2053 amicitiae,
505 1981 652 2039 sordidum
679 1983 859 2055 existiment3

68 2075 119 2132 ubi
146 2094 197 2133 eos
220 2076 409 2149 inveniemus,
435 2077 483 2152 qui
509 2078 642 2148 honores,
667 2078 858 2154 magistratus,

68 2170 198 2247 imperia,
218 2183 383 2249 potestates,
404 2191 483 2249 opes,
505 2173 639 2230 amicitie
663 2191 722 2230 non
745 2183 860 2248 antepo-

67 2279 156 2339 nant3
178 2279 219 2341 ut,
231 2288 296 2327 curn
312 2287 348 2326 ex
362 2269 451 2326 alteri
465 2279 545 2344 parte
558 2269 703 2345 proposita
713 2269 776 2326 haec
790 2270 856 2342 sint,
873 2288 905 2338 20

67 2384 103 2422 ex
124 2365 214 2423 altera
232 2367 279 2441 jus
301 2365 446 2437 amicitiae,
467 2385 526 2423 non
546 2365 639 2423 multo
662 2365 712 2422 illa
735 2365 856 2424 malintl

66 2459 219 2519 Imbecilla
231 2462 308 2519 enim
323 2472 427 2519 natura
443 2472 487 2519 est
503 2461 538 2519 ad
552 2461 793 2519 contemnendam
807 2480 857 2537 po·

65 2557 202 2614 tentiam:
224 2578 309 2633 quarn
324 2557 449 2616 etiamsi
464 2558 598 2634 negleetd
613 2557 741 2615 amicitiis
756 2577 856 2615 conse·

66 2652 127 2710 cuti
141 2641 413 2726 suntsobscuratum
428 2654 463 2711 iri
478 2673 509 2712 se
524 2654 708 2725 arbitrantur,
717 2654 786 2727 quia
795 2673 854 2712 non

65 2748 129 2807 sine
142 2750 247 2827 magna
261 2750 350 2808 causi
364 2750 401 2807 sit
415 2750 549 2826 neglecta
564 2749 698 2807 amicitia.
869 2759 902 2829 25

103 2845 205 2920 Itaque
216 2865 290 2904 vere
302 2845 436 2903 amicitie
447 2846 615 2904 difficillime
629 2845 809 2922 reperiuntur
823 2846 853 2906 in

65 2940 101 2998 iis
122 2941 171 3016 qui
199 2942 229 3000 in
256 2941 415 2998 honoribus
438 2960 525 3018 reque
551 2942 669 3018 publici
695 2953 860 3021 causantur.

63 3034 120 3097 Ubi
134 3038 210 3098 enim
224 3038 312 3100 istum
328 3037 474 3117 invenias,
488 3040 543 3120 qur
557 3040 718 3099 honorem
727 3031 893 3090 maaro-
