1904 3750
64 250 109 312 tt
270 269 410 328 marus,
429 269 503 316 srvn
523 269 567 316 un
586 267 742 315 Amorum.

115 432 192 472 arem
207 414 294 474 fuisse
307 416 363 493 (sic
384 435 402 474 a
422 417 554 496 patribus,
574 416 763 494 accepimus),
781 415 825 472 bis
840 414 899 471 und

114 513 257 583 consules,
271 522 300 568 et
313 513 439 588 collegas
453 513 482 569 in
497 514 637 570 censuit:
656 522 718 569 tum
732 522 837 568 etcum
852 511 898 582 iis,

115 618 144 676 ct
155 608 228 666 inter
240 626 282 679 se,
304 609 555 684 conjunctissimos
570 608 657 667 inisse
671 606 712 664 Μ’
729 606 849 664 Curium
870 616 900 663 et

114 704 164 770 Ti.
179 704 406 775 Coruncanium,
427 705 572 762 memoriae
592 704 734 780 proditum
750 711 801 760 est„
843 702 900 779 Igi-

83 809 160 858 5tur
183 819 220 857 ne
241 801 381 877 suspicari
403 801 517 875 quidem
544 819 703 876 possumus,
728 817 899 874 quemquam

115 896 217 954 horum
245 898 281 954 ab
309 898 402 956 amico
429 897 575 972 quidpiam
601 895 794 966 contendisse,
822 895 898 970 quod

115 1001 217 1049 contra
234 993 330 1064 iidem,
352 1002 453 1050 contra
473 992 682 1067 jusjurandum,
707 1000 808 1048 contra
828 1009 900 1048 rern-

113 1089 261 1165 publicam
285 1100 368 1146 esset.
408 1089 487 1146 Nam
512 1089 569 1146 hoc
595 1088 710 1164 quidem
738 1087 766 1143 in
793 1086 900 1144 talibus

114 1184 182 1242 viris
201 1185 269 1260 quid
291 1186 391 1243 attinet
409 1186 517 1256 dicere,
539 1185 600 1243 “Si
614 1183 820 1254 contendisset,
839 1183 900 1241 scio

68 1290 100 1341 lt
115 1280 330 1356 impetraturum
350 1301 409 1339 non
430 1283 518 1341 fuisse
528 1284 540 1339 t
550 1283 566 1309 '’
589 1299 655 1338 curn
670 1280 711 1338 illi
726 1279 899 1337 sanctissimi

113 1377 166 1434 viri
180 1378 304 1448 fuerint;
327 1396 406 1451 aeque
421 1387 516 1436 autem
529 1378 610 1434 nefas
621 1377 667 1448 sit,
681 1376 738 1433 tale
750 1375 857 1452 aliquid
869 1385 899 1432 st

113 1472 208 1533 facere
230 1484 372 1550 rogatum,
391 1483 420 1530 et
439 1492 550 1550 rogere.
594 1473 635 1530 At
656 1491 724 1530 vero
742 1472 790 1529 Ti.
809 1472 899 1529 Grac·

113 1568 200 1626 chum
219 1570 410 1643 sequebantur
426 1569 459 1626 C.
476 1569 582 1639 Carbo,
602 1568 636 1626 C.
652 1568 736 1640 Cato,
758 1578 787 1625 et
803 1565 899 1643 [mini-

111 1665 188 1743 mus]
204 1674 265 1720 tum
279 1665 394 1739 quidem
409 1664 498 1722 Caius
513 1665 608 1736 stater,
630 1684 709 1722 nunc
730 1665 805 1722 idern
821 1682 899 1720 acer·

67 1765 97 1819 15
111 1759 207 1818 rimus.

150 1951 221 2010 XII.
263 1953 336 2010 Haec
352 1953 438 2030 igitur
452 1954 498 2010 lex
513 1954 541 2011 in
558 1954 684 2011 amicitiai
696 1953 852 2023 sanciatur,
867 1962 898 2009 nt

112 2066 205 2121 neque
221 2067 352 2125 rogemus
366 2068 412 2105 res
428 2061 534 2124 turpes,
557 2068 613 2106 nec
635 2049 774 2105 faciamus
795 2047 898 2123 rogati.

112 2144 221 2219 Turpis
235 2145 312 2201 enim
327 2146 474 2202 excusatio
489 2155 541 2215 est,
553 2155 582 2200 et
591 2145 708 2201 minime
718 2144 897 2218 accipienda,

113 2259 179 2298 cum
196 2241 225 2297 in
240 2242 350 2298 caeteris
363 2243 502 2315 peccatis,
521 2253 581 2298 tum
596 2241 619 2296 si
635 2240 698 2314 quis
712 2251 814 2297 contra
827 2258 899 2295 rem-

66 2346 98 2396 20
112 2337 257 2411 publicam
280 2356 310 2393 se
333 2338 417 2393 antici
440 2339 527 2394 causa
542 2338 644 2393 secisse
659 2336 789 2393 fateatur.
831 2335 899 2391 Ete-

113 2431 172 2488 nim
187 2451 221 2488 eo
236 2433 311 2501 loco,
334 2433 426 2488 Fanni
438 2443 467 2490 et
482 2433 621 2501 Scaevola,
642 2432 729 2488 iocati
744 2450 851 2500 sumus,
867 2441 899 2488 ut

113 2545 167 2584 nos
181 2528 267 2603 longe
280 2529 445 2602 prospicere
466 2539 597 2603 oporteat
618 2529 726 2585 futuros
747 2547 832 2584 casus
846 2527 900 2583 rei·

111 2623 242 2697 publicae.
296 2623 421 2679 Deflexit
443 2624 519 2680 enim
549 2624 607 2698 jam
631 2623 837 2697 aliquantulum
863 2622 900 2677 de

112 2719 205 2792 spatio
230 2719 431 2792 curriculoque
453 2720 631 2776 consuetudo
659 2720 806 2794 majorum.
848 2718 898 2774 Ti.

66 2813 98 2861 25
112 2812 262 2870 Gracchus
271 2833 390 2888 regnum
400 2834 543 2889 occupare
553 2826 673 2872 conatus
685 2826 736 2882 est,
746 2813 788 2870 vei
799 2831 901 2886 regna·

110 2906 150 2962 rit
163 2908 189 2964 is
202 2910 317 2986 quidem
333 2929 440 2985 paucos
461 2930 581 2967 menses.
623 2910 701 2967 Num
718 2908 786 2984 quid
805 2907 900 2965 simile

90 3006 228 3084 popurus
249 3009 412 3071 Romanus
425 3007 569 3078 andierat,
587 3005 773 3062 sustinent
799 3002 900 3074 Hunc,
