1904 3750
79 207 136 266 154
413 219 455 266 na
478 220 624 266 canens.
817 210 914 278 [um.

121 365 195 438 utili,
210 377 267 424 tuae
288 366 420 425 utilitatis
440 368 539 439 causa,
559 365 733 435 detraxeris;
757 364 913 422 inhumane

121 462 234 536 feceris,
256 475 414 539 contraque
434 476 544 522 naturae
565 465 677 541 legem:
705 462 750 519 sin
773 472 867 519 autem
888 460 915 518 is

121 568 152 617 tu
173 559 222 631 sis,
243 560 293 635 qui
314 562 434 619 multam
454 561 608 620 utilitatem
633 559 801 637 reipublice
829 569 914 634 atqua

121 656 271 714 hominum
291 658 434 728 societati,
456 657 480 714 si
501 657 530 715 in
552 659 611 714 vita
632 675 793 728 remaneas,
813 655 915 713 afferre

92 753 221 828 opossis,
236 753 261 810 si
282 754 350 828 quid
366 756 404 813 ob
418 774 481 813 eam
503 773 621 812 causam
642 754 725 811 alteri
745 753 914 825 detraxeris,

120 868 180 908 non
201 851 238 908 ait
258 852 537 927 reprehendendum.
580 852 633 909 Sin
651 862 746 910 autem
761 851 791 908 id
805 870 863 908 non
879 851 916 909 sit

120 946 274 1024 ejusmodi,
292 967 377 1006 auum
398 948 504 1022 cuique
524 948 742 1006 incommodum
764 947 915 1004 serendum

121 1054 165 1101 eat
178 1044 284 1120 potius,
299 1063 385 1120 quam
400 1044 436 1102 de
452 1044 569 1103 alterius
590 1044 751 1102 commodis
765 1043 916 1101 detrahen-

123 1141 200 1198 dum.
256 1141 327 1199 Non
350 1141 441 1219 igitur
470 1142 562 1220 magis
588 1150 632 1199 est
659 1151 760 1200 contra
782 1151 915 1197 naturam

77 1248 108 1298 10
123 1239 247 1310 morbus,
268 1248 317 1296 aut
336 1248 458 1314 egestas,
475 1247 523 1295 aut
543 1238 612 1313 quid
634 1235 807 1313 hujusmodi,
828 1254 915 1310 quam

123 1335 264 1392 detractio
290 1345 338 1393 aut
366 1335 502 1411 appetitio
529 1335 624 1392 alieni.
666 1335 725 1391 Sed
753 1333 916 1391 communis

123 1431 254 1488 utilitatis
267 1430 420 1488 derelictio
434 1441 536 1488 contra
550 1443 683 1490 naturam
696 1440 757 1489 eat:
780 1439 824 1488 est
837 1430 916 1487 enim

123 1527 237 1602 injusta.
279 1527 383 1601 Itaque
397 1527 446 1584 lex
464 1528 525 1604 ipsa
544 1535 664 1600 naturae,
679 1547 741 1604 quae
762 1527 916 1585 utilitatem

123 1622 271 1680 hominum
299 1634 449 1681 conservat
473 1635 502 1681 et
529 1625 669 1697 continet,
693 1624 825 1683 decernit
850 1642 917 1700 pro-

36 1760 40 1767 =
77 1730 108 1778 15
123 1719 209 1790 secto,
237 1730 279 1792 ut,
309 1721 344 1777 ab
372 1719 490 1779 homine
517 1721 602 1779 inerti
631 1731 716 1797 atque
746 1721 850 1793 inutili,
880 1721 915 1778 ad

123 1816 291 1891 sapientem,
307 1818 426 1888 bonum,
441 1818 602 1893 fortemque
622 1818 724 1890 virum,
744 1818 916 1876 transferan-

123 1922 169 1969 tur
196 1931 242 1969 res
267 1912 302 1970 ad
324 1913 477 1970 vivendum
505 1915 694 1984 necessariae;
722 1914 770 1990 qui
792 1914 816 1971 ai
837 1914 917 1972 occi·

123 2009 207 2080 derit,
229 2010 350 2066 multum
371 2010 407 2067 de
429 2011 574 2068 communi
596 2011 719 2068 utilitate
742 2011 914 2069 detraxerit:

123 2106 208 2163 modo
223 2107 280 2163 hoc
294 2106 335 2164 ita
348 2107 445 2178 saciat,
461 2118 543 2164 utne
559 2109 619 2182 ipse
632 2107 668 2164 de
683 2127 714 2165 se
728 2109 802 2164 bene
821 2107 916 2164 existi-

76 2211 108 2260 20
123 2223 215 2274 mans,
231 2223 350 2279 seseque
370 2204 505 2280 diligens,
520 2204 597 2261 hanc
617 2223 734 2261 causam
755 2204 859 2261 habeat
880 2204 915 2261 ad

124 2300 266 2375 injuriam.
317 2301 363 2357 lta
383 2318 495 2375 semper
515 2300 612 2357 officio
632 2300 777 2377 fungetur,
799 2301 915 2357 utilitati

124 2398 281 2454 consulens
313 2397 473 2468 hominum,
502 2406 530 2453 et
558 2397 596 2468 ei,
623 2415 709 2471 quam
736 2415 810 2472 saepe
837 2415 917 2454 corn·

123 2511 260 2564 memoro,
276 2493 407 2550 humane
421 2492 563 2550 societati.

162 2588 250 2660 Nam,
279 2588 356 2663 quod
391 2589 426 2645 ad
460 2589 605 2647 Phalarim
640 2588 750 2660 attinet,
778 2589 916 2664 perfacile

76 2691 108 2740 2⁵
121 2685 262 2761 judicium
283 2696 335 2742 est.
386 2684 478 2743 Nulla
498 2685 575 2743 enim
596 2685 681 2742 nobis
701 2684 826 2742 societas
848 2706 916 2744 cum

122 2782 262 2856 tyrannis,
274 2781 325 2838 sed
339 2782 435 2858 potius
449 2801 562 2840 summa
575 2781 724 2839 distractio
738 2791 798 2839 est:
821 2801 916 2858 neque

113 2887 160 2932 est
189 2888 295 2937 contra
321 2888 465 2953 naturam,
493 2879 617 2956 spoliare
650 2895 728 2950 eum,
755 2878 780 2935 si
810 2881 915 2956 possis,

100 2986 196 3043 quem
225 2975 393 3042 honesturn
419 2988 469 3041 est
492 2995 619 3039 necare:
644 2984 731 3053 atque
750 2975 811 3036 inc
830 2995 916 3037 omna

1 3238 7 3267 t
53 3234 225 3268 A
