1904 3750
65 255 106 316 8⁰
273 261 411 326 anama,
428 263 502 313 srva
522 261 564 312 nn
585 262 751 326 summm,

112 413 305 472 imbecillibus
326 413 422 487 fortes,
450 414 600 492 flagitiosis
623 414 776 474 modestos.
817 414 899 494 Ergo

112 510 169 568 hoc
182 511 328 588 proprium
343 520 387 567 est
402 511 490 568 animi
502 512 577 570 bene
594 511 753 585 constituti,
768 522 798 569 et
806 510 898 570 lactari

113 608 195 666 bonis
209 608 303 679 rebus,
318 615 347 663 et
361 606 460 663 dolere
470 607 628 665 contrariis.

150 703 358 775 Quamobrem,
373 702 397 760 si
411 703 489 760 cadit
499 703 530 760 in
544 704 703 780 sapientem
717 704 805 762 animi
819 703 897 763 dolor

81 820 98 868 5
114 799 176 877 (qui
186 799 317 874 profecto
331 799 418 871 cadit,
433 799 489 856 nisi
503 818 539 856 ex
558 801 620 876 ejus
642 800 738 857 animo
762 801 898 876 exstirpa·

112 906 170 952 tam
192 895 400 953 humanitatem
423 896 625 975 arbitremur);
647 914 709 970 qun
732 914 820 953 causa
843 906 896 969 est,

113 1010 165 1047 cur
176 992 333 1049 amicitiam
343 991 471 1049 funditus
479 992 612 1049 tollamus
623 1009 640 1048 e
650 992 718 1064 virt,
728 1010 765 1049 ne
777 992 895 1067 aliquas,

112 1097 227 1163 propter
238 1107 311 1161 eam,
326 1088 516 1163 suscipiamus
530 1087 694 1145 molestiasl
727 1087 810 1149 Quid
819 1089 896 1145 enim

113 1184 241 1256 interest,
267 1195 346 1242 motu
374 1185 461 1241 animi
488 1184 610 1255 sublato,
638 1202 696 1240 non
723 1183 791 1241 dico
822 1184 897 1241 inter

67 1302 98 1352 10
114 1281 259 1338 hominem
273 1291 302 1338 et
315 1281 466 1356 pecudem,
479 1280 529 1337 sed
544 1280 618 1337 inter
633 1279 778 1336 hominem
793 1290 822 1336 et
835 1299 897 1337 sax·

113 1396 171 1448 um,
187 1386 236 1434 aut
248 1387 394 1447 truncum,
417 1386 465 1433 aut
479 1375 591 1451 quidvis
611 1374 726 1453 generis
748 1375 896 1450 ejusdeml

111 1471 216 1548 Neque
230 1473 307 1529 enim
321 1482 388 1528 sunt
401 1471 448 1528 isti
464 1470 609 1542 audiendi,
631 1471 679 1546 qui
699 1471 832 1527 virtutem
847 1471 897 1529 du·

112 1586 172 1624 ram
187 1577 216 1624 et
237 1567 316 1642 quasi
338 1566 458 1622 ferream
482 1584 545 1622 esse
566 1566 665 1622 volunt
675 1586 686 1626 ε,
700 1586 762 1642 quae
781 1567 896 1641 quidem

112 1671 164 1732 est,
180 1682 245 1719 cum
260 1662 356 1718 multis
370 1661 400 1717 in
414 1662 509 1731 rebus,
524 1670 585 1718 tum
601 1661 630 1717 in
646 1662 783 1734 amicitia,
797 1673 898 1720 tenera

66 1769 97 1816 15
115 1769 197 1833 atque
211 1757 370 1815 tractabilis
379 1777 385 1826 ;
408 1767 439 1814 ut
454 1767 482 1812 et
496 1757 580 1813 bonis
595 1758 681 1814 amici
700 1759 780 1834 quasi
795 1759 898 1816 diffun-

113 1855 226 1925 dantur,
242 1864 271 1911 et
284 1853 474 1910 incommodis
493 1853 707 1910 contrahantur.
747 1853 898 1914 Quamob-

112 1970 173 2008 rem
197 1969 284 2026 angor
307 1949 370 2019 iste,
393 1950 441 2023 qui
458 1969 509 2025 pro
529 1949 622 2006 amico
645 1935 719 2024 saepe
740 1951 898 2024 capiendus

113 2058 165 2119 est,
181 2067 239 2104 non
254 2057 365 2103 tantum
380 2046 464 2116 valet,
476 2056 507 2102 ut
521 2046 602 2103 tollat
616 2064 632 2102 e
647 2046 705 2102 vita
721 2046 895 2117 amicitiam;

113 2163 171 2201 non
185 2145 259 2220 plus,
274 2162 358 2218 quam
373 2152 403 2199 ut
418 2143 546 2212 virtutes,
568 2142 635 2215 quia
648 2142 799 2199 nonnullas
814 2162 897 2200 curas

66 2259 97 2308 20
113 2252 142 2298 et
157 2241 302 2297 molestias
317 2239 448 2310 afferunt,
460 2238 654 2313 repudientur.

153 2431 235 2488 XIV.
278 2432 352 2488 Cum
382 2441 475 2487 autem
502 2430 653 2487 contrahat
676 2430 831 2487 amicitiam
853 2429 899 2507 (ut

114 2527 298 2605 supradixi),
316 2527 340 2582 si
361 2545 418 2600 qua
441 2525 615 2602 significatio
639 2526 751 2583 virtutis
774 2526 898 2598 eluceat,

115 2624 248 2699 adquam
264 2642 294 2679 se
309 2622 410 2679 similis
425 2623 536 2678 animus
552 2622 685 2696 applicet,
700 2632 729 2678 et
744 2622 898 2699 adjungat3

114 2721 143 2776 id
164 2739 230 2777 cnm
253 2718 405 2794 contingit,
432 2736 510 2774 amor
531 2719 685 2789 exoriatur,
706 2737 826 2774 necesse
847 2729 899 2774 est.

66 2835 98 2883 ps
112 2815 196 2874 Quid
210 2816 287 2872 enim
301 2825 359 2870 tam
375 2814 538 2884 absurdum,
563 2832 647 2889 quam
668 2813 804 2870 delectari
829 2813 901 2868 mul·

111 2909 149 2966 tis
163 2911 298 2968 inanibus
312 2911 407 2980 rebus,
422 2918 454 2966 ut
468 2909 584 2980 honore,
600 2920 631 2966 ut
655 2909 756 2986 gloria,
771 2918 802 2964 ut
813 2907 902 2964 aedifi-

98 3007 157 3082 cio,
176 3021 211 3070 ut
227 3010 346 3086 vestitu,
371 3007 511 3084 cultuque
533 3005 680 3082 comesu,
696 3003 790 3060 animo
805 3013 901 3062 autem
