1904 3750
84 192 141 255 196
417 200 459 245 oe
482 200 625 247 oremus.
712 210 715 214 ·
815 198 861 261 ru
869 197 915 255 m.

128 349 300 424 senatdsque
333 348 477 406 fecerant:
513 349 670 421 eodemque
703 356 832 423 tempore
865 347 914 405 Ti.

128 445 293 517 Numicius,
317 445 357 506 Q.
383 444 507 516 Mtelius,
532 445 580 520 qui
608 454 668 502 tum
692 444 799 501 tribuni
822 444 917 519 plebis

128 551 220 613 erant,
244 541 320 616 quod
347 560 446 598 eorum
472 542 641 598 auctoritate
663 561 720 616 pax
744 551 805 598 erat
829 541 916 611 sacta,

128 636 218 705 dediti
245 646 321 709 sunt,
349 648 382 693 ut
407 655 465 712 pax
500 637 672 694 Samnitium
707 637 916 712 repudiaretur.

96 734 225 808 annue
259 733 343 809 hujus
377 733 532 790 deditionis
565 733 626 808 ipse
659 733 835 804 Postumius,
868 734 917 808 qui

128 830 295 901 dedebam,
319 849 418 887 suasor
442 840 472 885 et
496 840 595 886 auctor
623 829 692 887 suit:
726 830 802 906 quod
830 830 917 901 idem,

128 925 225 984 multis
240 927 323 984 annis
335 936 410 1002 post,
425 925 459 983 O.
474 925 645 996 Mancinum
667 926 727 1001 qui,
741 936 773 983 ut
786 926 817 983 N
820 947 918 984 uman-

129 1022 207 1094 time,
223 1022 394 1097 quibuscum
415 1023 477 1080 sine
497 1023 613 1080 senaths
635 1022 804 1080 auctoritate
825 1022 917 1079 soedus

130 1117 248 1191 fecerat,
263 1119 425 1189 dederetur,
440 1119 618 1196 rogationem
639 1119 729 1176 suasit
742 1138 816 1190 eam,
830 1138 917 1194 quam

82 1223 114 1274 lo
129 1215 163 1273 L.
178 1215 284 1273 Furius
298 1226 327 1272 et
340 1216 370 1273 S.
385 1215 493 1272 Atilius
512 1235 548 1272 ex
565 1215 826 1274 senatuis-consulto
846 1217 917 1274 fere-

129 1313 215 1371 bant:
243 1312 299 1387 qud
321 1312 450 1386 accepti,
471 1323 515 1368 est
535 1312 664 1369 hostibus
685 1312 807 1370 deditus.
857 1314 917 1372 Ho-

129 1409 238 1465 nestius
264 1408 323 1478 hic,
343 1427 427 1484 quam
447 1407 488 1470 Q.
510 1407 674 1484 Pompeius,
696 1429 752 1484 quo
781 1407 861 1486 (oum
886 1410 916 1468 in

129 1502 231 1559 eddem
252 1502 340 1559 causat
361 1503 449 1581 esset)
468 1503 650 1578 deprecante,
666 1515 785 1580 accepta
798 1505 844 1562 lex
857 1524 916 1563 non

129 1607 180 1655 est.
222 1597 282 1654 Hic
297 1616 340 1667 ea,
355 1618 417 1673 quae
432 1599 587 1665 videbatur,
601 1600 720 1671 utilitas,
733 1601 797 1676 pius
818 1601 915 1673 valuit,

82 1696 113 1746 15
129 1713 213 1769 quam
234 1693 385 1751 honestas:
415 1695 488 1769 apud
510 1696 682 1770 superiores,
704 1697 835 1755 utilitatis
855 1718 917 1774 spe-

129 1789 189 1847 cies
210 1790 281 1847 falsa
302 1791 337 1847 ab
358 1791 516 1849 honestatis
536 1794 702 1851 auctoritate
716 1805 850 1869 superata
863 1805 915 1853 est.

167 1886 208 1943 At
228 1905 285 1942 non
306 1885 405 1942 debuit
426 1897 517 1944 ratum
546 1906 619 1957 esse,
641 1889 716 1963 quod
738 1901 799 1946 erat
820 1901 915 1948 actum

127 2001 177 2059 per
198 1982 264 2040 vim.
305 1983 400 2044 Quasi
421 2002 489 2039 vero
510 1984 576 2041 forti
591 1984 708 2042 viroris
727 1987 816 2060 possit
838 1988 918 2044 adhi-

129 2079 198 2136 beri.
253 2079 313 2136 Cur
341 2080 427 2155 igitur
452 2081 486 2137 ad
511 2091 640 2137 senatum
668 2083 915 2157 proficiscebatur,

81 2181 113 2231 20
129 2195 195 2233 curn
222 2178 378 2252 praesertim
405 2178 441 2234 de
466 2178 586 2253 captivis
612 2178 793 2236 dissuasurus
820 2183 916 2239 esset?

128 2273 218 2335 Quod
252 2274 405 2330 maximum
440 2275 470 2330 in
500 2293 534 2330 eo
560 2284 613 2346 est,
641 2274 669 2332 id
698 2277 914 2351 reprehenditis.

129 2368 197 2425 Non
235 2369 311 2425 enim
349 2388 401 2425 suo
434 2370 546 2445 judicio
583 2372 670 2441 stetit,
705 2373 754 2428 sed
790 2375 916 2448 suscepit

130 2482 256 2535 oausam,
272 2475 302 2520 ut
316 2475 390 2520 esset
408 2465 548 2539 judicium
568 2467 699 2534 senatds;
722 2468 769 2524 cui
785 2470 840 2525 nisi
856 2471 916 2544 ipse

130 2571 229 2619 auctor
258 2561 366 2630 fuisset,
395 2561 499 2636 captivi
525 2562 655 2636 profecto
687 2564 784 2620 Poenis
811 2566 915 2623 redditi

82 2658 114 2708 25
129 2665 232 2713 essent.
280 2655 325 2713 Ita
344 2655 498 2713 incolumis
519 2658 549 2714 in
568 2658 661 2733 patrii
682 2657 814 2735 Regulus
836 2662 916 2718 resti-

129 2752 226 2810 tisset:
254 2752 331 2826 quod
352 2752 419 2826 quia
445 2753 544 2827 patriae
566 2773 623 2812 non
644 2754 714 2811 utile
733 2757 852 2829 putavit,
875 2759 916 2815 id<

124 2847 207 2906 circo
227 2848 284 2907 sibi
305 2848 456 2906 honestum
472 2858 500 2905 et
514 2850 621 2907 sentire
641 2850 699 2922 illa,
714 2861 743 2908 et
762 2853 832 2927 pati,
854 2873 916 2912 cre-

112 2940 201 3005 didit.
259 2946 290 3007 N
293 2966 353 3022 am,
374 2946 453 3025 quod
474 2945 566 3020 aiunt,
584 2946 660 3022 quod
675 2947 757 3004 ratde
776 2950 847 3007 utile
866 2950 915 3022 sit,
