1904 3750
75 642 133 702 116
409 650 453 698 na
473 650 619 698 osricus.
825 647 864 707 [ι.
874 647 905 694 11.

117 810 193 858 stant
216 799 354 876 epistole,
379 810 409 860 et
430 799 556 874 Philippi
584 799 619 856 ad
644 796 850 866 Alexandrum,
876 804 905 852 et

118 896 264 972 Antipatri
279 897 314 953 ad
329 896 534 967 Cassandrum,
549 904 578 952 et
592 892 734 970 Antigoni
750 892 784 950 ad
798 892 905 967 Philip·

116 1012 185 1069 pum
205 993 305 1064 filium,
326 993 412 1050 trium
432 992 729 1067 prudentissimorum,
750 988 806 1066 (sic
827 988 905 1044 enirn

118 1090 296 1169 accepimus)
309 1089 413 1163 quibus
426 1088 607 1164 praecipiunt,
619 1097 650 1145 ut
663 1086 793 1144 oratione
807 1085 906 1160 benig·

88 1186 155 1242 find
182 1186 375 1243 multitudinis
399 1185 509 1242 animos
533 1184 569 1241 ad
593 1182 821 1240 benevolentiam
845 1181 907 1238 alli·

117 1281 206 1352 ciant‚
231 1282 393 1356 militesque
420 1282 525 1338 blande
553 1279 722 1356 appellando
749 1278 904 1335 deleniant.

115 1377 193 1439 Qum
221 1389 316 1435 autem
344 1378 373 1435 in
400 1366 584 1434 multitudine
616 1394 681 1432 curn
717 1375 905 1432 contentione

117 1473 237 1531 habetur
272 1474 374 1546 oratio,
408 1493 444 1532 ea
476 1491 552 1548 soepe
589 1472 751 1529 universam
789 1471 904 1527 excitat.

119 1569 228 1647 Magna
241 1580 285 1628 est
299 1571 374 1627 enim
398 1569 549 1627 admiratio
567 1568 684 1643 copiose
705 1568 905 1643 sapienterque

73 1677 104 1725 10
119 1667 258 1736 dicentis3
281 1686 364 1741 quern
380 1666 428 1741 qui
451 1666 580 1736 audiunt,
597 1664 756 1740 intelligere
777 1664 862 1720 etiam
876 1673 905 1718 et

119 1782 217 1838 sapere
238 1763 402 1838 plusquam
425 1772 554 1828 caeteros,
571 1760 751 1817 arbitrantur.
794 1759 825 1815 Si
840 1778 906 1817 vero

31 1863 33 1868 '
119 1859 193 1915 inest
215 1859 244 1915 in
264 1859 392 1915 oratione
421 1857 510 1914 mixta
536 1857 682 1913 modestiae
710 1855 843 1932 gravitas,
864 1856 905 1912 nil

119 1954 313 2011 admirabilius
340 1954 401 2010 fieri
429 1963 538 2028 potest;
573 1971 665 2027 eoque
692 1953 792 2028 magis,
820 1952 844 2008 si
872 1970 907 2008 ea

118 2051 227 2107 suntin
244 2050 434 2107 adolescente.

72 2157 103 2218 lq
159 2146 226 2216 Sed,
249 2165 315 2202 curn
340 2146 397 2202 sint
419 2147 502 2221 plura
526 2165 678 2203 causarum
701 2165 817 2221 genera,
843 2163 905 2218 quae

118 2242 311 2316 eloquentiam
339 2242 513 2313 desiderant,
535 2243 673 2316 multique
694 2242 723 2298 in
745 2242 843 2298 nostrii
864 2261 906 2297 re·

117 2339 234 2414 publicai
260 2339 467 2409 adolescentes,
492 2351 520 2396 et
545 2339 619 2414 apud
640 2339 753 2414 judices
777 2349 805 2394 et
832 2338 905 2413 apud

118 2446 249 2491 senatum
264 2435 399 2506 dicendo,
415 2436 529 2492 laudern
550 2435 673 2492 assecuti
688 2435 761 2504 sint,
782 2435 907 2490 maxima

120 2532 270 2588 admiratio
292 2542 334 2587 est
359 2532 387 2588 in
409 2533 543 2607 judiciis:
565 2551 683 2607 quorum
706 2532 779 2588 ratio
802 2531 906 2605 duplex

71 2636 103 2685 20
118 2640 178 2685 est:
199 2648 265 2685 narn
282 2648 316 2684 ex
331 2630 516 2685 accusatione
537 2639 566 2685 et
586 2628 754 2684 defensione
776 2637 888 2683 constat
897 2617 908 2695 ;¹

118 2746 238 2801 quarum
272 2726 326 2781 etsi
360 2726 530 2781 laudabilior
564 2735 607 2780 est
641 2724 781 2794 defensio,
810 2735 905 2780 tamen

118 2823 204 2879 etiam
221 2824 367 2879 accusatio
381 2824 501 2896 probata
514 2841 640 2896 persaepe
655 2832 706 2877 est.
741 2821 808 2877 Dixi
820 2818 905 2895 paulo

119 2931 184 2975 ante
206 2920 241 2974 de
263 2918 377 2974 Crasse.
420 2917 500 2973 ldem
523 2918 591 2974 secit
607 2917 774 2973 adolescens
789 2915 830 2972 M.
847 2917 907 2972 An·

118 3015 231 3070 tonius:
252 3014 338 3070 etiam
354 3013 385 3069 P.
402 3014 523 3087 Sulpicii
543 3013 736 3086 eloquentiam
759 3011 906 3069 accusatio

71 3115 103 3162 25
119 3110 279 3180 illustravit,
295 3128 360 3165 curn
376 3109 543 3166 seditiosum
558 3120 586 3165 et
601 3109 731 3166 inutilem
753 3110 856 3179 civem,
871 3108 905 3164 C.

118 3205 299 3276 Norbanum,
315 3205 344 3261 in
362 3204 504 3280 judicium
525 3205 646 3263 vocavit.
689 3206 747 3262 Sed
769 3205 825 3261 hoc
846 3205 907 3279 qui·

112 3300 181 3355 dem
196 3320 255 3357 non
271 3310 315 3358 est
335 3319 410 3375 saepe
432 3300 607 3373 faciendum,
622 3320 678 3357 nec
700 3321 835 3376 unquam,
850 3300 906 3358 nisi

98 3401 155 3445 aut
174 3395 354 3472 reipublice
376 3396 479 3472 causi,
492 3407 525 3457 ut
543 3397 578 3472 ii,
590 3416 660 3474 quos
680 3409 745 3456 ante
759 3397 837 3470 dixi3
859 3407 907 3454 aut
