1904 3750
70 620 113 686 84
408 632 452 680 uu
468 633 613 681 onmcus.
834 629 845 690 [

115 780 182 842 Una
196 798 276 840 exre
290 781 360 840 satis
380 782 554 859 precipitur,
570 779 611 853 ut,
626 781 764 859 quidquid
781 781 844 840 sine

115 879 251 936 trimento
260 880 348 956 possit
357 881 543 951 commodari,
554 880 582 937 id
592 880 734 937 tribuatur
743 880 786 936 vel
797 880 845 956 ign

116 972 162 1030 Ex
176 991 234 1046 quo
247 984 314 1030 sunt
329 974 378 1031 illa
392 974 568 1044 communia,
583 973 612 1030 N
615 993 652 1030 on
663 974 817 1049 prohibere
833 993 845 1030 a

115 1070 295 1145 profluente:
317 1070 380 1128 Pati
403 1072 439 1127 ab
460 1071 528 1146 igne
548 1070 646 1147 ignom
667 1089 781 1145 capere,
796 1069 820 1126 si
842 1097 845 1118 ·

86 1166 202 1236 bvolit3
234 1167 397 1225 Consilium
417 1167 502 1225 fidele
529 1167 700 1224 deliberanti
725 1167 811 1224 dare:
843 1202 844 1209 κ

116 1274 184 1321 sunt
204 1264 240 1321 iis
261 1264 344 1321 utilia
358 1265 406 1339 qui
423 1264 579 1339 accipiunt,
595 1264 675 1321 danti
696 1283 754 1320 non
777 1265 844 1320 molt

115 1360 219 1421 Quare
239 1372 268 1418 et
289 1361 334 1417 his
354 1361 495 1417 utendum
510 1371 563 1431 est,
578 1371 607 1417 et
621 1379 733 1435 semper
749 1359 844 1434 aliquit

117 1476 303 1515 communem
330 1457 483 1515 utilitatem
513 1457 698 1514 afferendum.
741 1457 809 1528 Sed,
839 1478 844 1511 t

117 1555 196 1612 niam
217 1555 308 1630 copi·
328 1574 422 1630 parvae
437 1553 617 1630 singulorum
637 1563 719 1624 sunt;
742 1572 842 1611 eorum

73 1661 186 1724 loten,
215 1651 264 1727 qui
298 1652 342 1710 his
369 1661 483 1728 egeant,
512 1651 623 1708 infinita
657 1662 700 1708 est
733 1651 844 1708 multitu

118 1750 244 1826 vulgaris
257 1748 413 1806 liberalitas
433 1749 584 1805 referenda
604 1759 648 1805 est
669 1748 703 1805 ad
723 1746 844 1804 illumE

118 1847 205 1904 linem
233 1845 265 1923 (“
276 1845 476 1902 Nihilominus
501 1845 556 1921 ipsi
582 1845 709 1925 lncet'’)‚
732 1855 764 1903 ut
787 1844 844 1902 fact

118 1943 165 2014 sit,
180 1942 237 2017 qud
251 1942 281 1999 in
295 1953 407 2000 nostros
421 1942 511 1999 simus
524 1942 665 2001 liberales.

158 2137 256 2196 XVII.
286 2138 400 2197 Gradus
429 2149 525 2197 autem
548 2139 645 2215 plures
668 2147 736 2195 sunt
759 2137 844 2194 societ

73 2242 104 2292 15
118 2233 276 2293 homiuum.
317 2234 357 2294 Ut
378 2236 456 2294 enim
479 2236 515 2294 ab
536 2236 649 2293 infinita
668 2235 717 2292 illo
732 2234 844 2291 discede

118 2333 234 2409 propior
249 2343 292 2390 est
306 2334 434 2410 ejusdem
449 2334 554 2412 gentis,
569 2332 705 2403 nationis,
720 2332 837 2409 lingue,

119 2431 243 2488 maxime
264 2431 396 2489 homines
416 2431 650 2506 conjunguntur:
680 2429 801 2487 interius
822 2445 844 2487 et

119 2539 173 2599 est,
198 2528 326 2604 ejusdem
350 2548 412 2585 esse
440 2528 572 2585 civitatis.
616 2525 712 2584 Multa
738 2525 814 2583 enim

120 2626 231 2683 civibus
251 2626 324 2682 inter
345 2645 376 2683 se
398 2625 580 2683 communia:
603 2623 706 2693 lorum,
728 2623 803 2693 lana,
822 2642 841 2698 p

74 2726 105 2775 20
120 2741 181 2790 cus,
197 2724 259 2794 vias,
281 2723 370 2799 leges,
389 2723 463 2799 jura,
482 2720 603 2797 judicia,
624 2719 769 2795 suffragia,
789 2737 843 2775 con

119 2794 245 2890 tudinem
272 2830 420 2894 praterea,
449 2829 479 2874 et
509 2817 725 2886 familiaritates,
754 2815 843 2871 multi!

120 2936 187 2974 cum
202 2917 299 2973 multis
312 2935 359 2972 res
378 2916 561 2989 rationesque
584 2921 747 2971 contractae.
790 2912 843 2968 Ar<

120 3032 187 3071 vero
202 3013 350 3089 colligatio
367 3021 410 3068 est
424 3011 569 3069 societatis
583 3009 818 3086 propinquorum.

121 3109 170 3166 illa
189 3111 266 3166 enim
288 3108 428 3165 immensi
450 3107 589 3164 societate
610 3105 728 3162 humaui
749 3106 843 3182 generi

75 3222 107 3271 25
120 3206 257 3281 exiguum
272 3214 482 3282 augustumque
497 3203 689 3261 concluditur.

160 3301 248 3372 Nam,
263 3320 330 3359 cum
351 3301 388 3358 sit
409 3301 466 3358 boc
486 3301 590 3357 natura
611 3317 766 3358 commuue
781 3299 843 3358 anit

105 3393 191 3467 tium,
219 3408 254 3456 ut
277 3397 410 3458 babeant
435 3396 590 3458 libidinem
608 3395 796 3474 procreandi,
815 3414 844 3474 pt
