1904 3750
120 271 161 335 2⁰
415 277 504 334 uino
523 278 639 346 MAJOR,
653 280 716 336 SEU

167 433 325 493 fructibus:
346 450 517 512 quamquam
532 438 561 495 in
580 437 637 495 illis
650 438 745 495 minus
759 437 816 494 hoe
829 436 951 496 mirum:

166 549 253 589 nemo
273 532 349 590 enim
369 542 413 589 est
433 544 491 590 tam
512 553 609 606 senex,
631 534 680 610 qui
701 553 731 592 se
759 553 865 592 annum
892 552 951 592 non

165 637 247 702 putet
265 647 349 704 posse
369 629 481 687 vivere:
503 630 554 686 sed
575 630 662 687 iidem
683 631 833 688 elaborant
848 632 878 688 in
898 632 950 704 eis,

164 742 228 798 quae
242 724 339 782 sciunt
351 725 424 782 nihil
439 726 557 785 omnino
572 727 608 784 ud
622 745 653 783 se
664 727 818 803 pertinene.

133 939 149 988 5
234 936 250 962 “
259 933 326 983 Serit
335 934 442 998 arbores,
453 950 508 997 quoe
519 935 590 985 elteri
601 935 694 984 saeeulo
704 934 825 999 prosint,”

163 1120 195 1168 ut
217 1111 256 1169 ait
277 1113 386 1171 Statius
400 1123 497 1172 noster
517 1113 548 1172 in
567 1113 755 1190 Synephebis.
796 1111 863 1170 Nee
883 1130 951 1169 vero

164 1206 277 1266 dubitet
298 1210 434 1287 agricola,
456 1211 585 1285 quamvis
612 1229 710 1282 senex,
731 1210 881 1284 quaerenti,
902 1209 951 1266 eui

164 1314 249 1377 serat,
270 1307 460 1382 respondere:
483 1306 577 1364 “Diis
598 1306 818 1377 immortalibus,
833 1305 883 1380 qui
905 1323 951 1362 me

164 1419 222 1457 non
245 1402 377 1478 accipere
397 1403 484 1460 modo
504 1404 599 1460 haeoa
619 1403 775 1480 majoribus
788 1403 950 1474 voluerunt,

119 1505 148 1554 10
164 1497 213 1553 sed
228 1498 315 1555 etiam
329 1499 452 1573 posteris
464 1499 615 1574 prodere.”

201 1687 287 1757 VIII„
326 1688 433 1747 Melius
447 1690 584 1747 Caecilius
598 1691 635 1748 de
656 1711 725 1748 sene
740 1692 821 1749 alteri
843 1691 951 1748 seculo

162 1784 366 1859 prospiciente,
382 1805 467 1861 quam
482 1786 553 1844 illud
568 1786 661 1845 idem:

193 1960 208 1986 “
218 1956 330 2020 Edepol,
342 1964 467 2021 senectus,
477 1959 499 2007 si
510 1959 573 2007 nihil
585 1960 717 2022 quidquem
728 1960 796 2007 eliud
807 1960 862 2008 vitii

220 2037 344 2100 Apportes
354 2045 447 2099 tecum,
458 2055 517 2087 eum
528 2040 631 2089 advenis
638 2056 646 2099 ;
664 2055 742 2088 unum
755 2040 779 2087 id
792 2046 830 2087 sut
840 2045 888 2099 est,

116 2126 147 2175 15
220 2116 304 2181 Quod,
315 2119 357 2166 diu
368 2119 485 2180 vivendo,
496 2119 584 2180 multu,
595 2133 650 2181 quun
661 2134 712 2166 non
723 2119 787 2181 vult,
798 2118 892 2168 videt.”

163 2277 201 2334 Et
216 2278 306 2336 multa
320 2279 448 2351 fortasse,
460 2299 523 2354 quae
538 2280 614 2336 vult:
631 2289 715 2353 atque
730 2279 760 2335 in
775 2297 809 2335 en
823 2279 949 2353 quidem,

163 2394 226 2449 quae
246 2395 305 2432 non
320 2376 389 2446 vult,
405 2395 479 2450 saepe
500 2377 586 2432 etiam
602 2375 798 2432 adolescentie
818 2375 948 2433 incurrit.

162 2469 238 2527 Illud
252 2490 320 2527 vero
335 2471 411 2527 idem
425 2471 563 2528 Caeeilius
576 2472 724 2530 vitiosius:

194 2679 285 2727 “Tum
295 2680 410 2742 equidem
422 2681 448 2727 in
460 2682 560 2728 senectll
572 2680 619 2728 hoe
629 2681 721 2745 deputo
733 2682 908 2741 miserrimum,

115 2750 147 2799 2⁰
218 2759 326 2821 Seniue,
337 2761 366 2808 ei
378 2766 449 2808 estete
460 2775 514 2808 esse
526 2775 552 2808 se
564 2761 678 2810 odiosum
689 2762 786 2810 elteri.’'

157 2933 329 2996 Jueundum
363 2939 469 3016 potius,
497 2957 582 3014 quam
617 2939 758 2997 odiosum.
799 2937 838 2994 Ut
871 2937 950 2996 enim

145 3031 397 3098 adolescentibus
425 3038 509 3097 bons
533 3036 635 3097 insule
657 3034 787 3113 niellus
808 3034 945 3108 sunieuie
