1904 3750
54 240 146 301 nm]
347 239 390 285 nr:
410 239 555 286 osricus.
835 232 890 291 143

54 389 209 465 profectus,
235 389 352 447 inanem
376 389 469 447 redire
490 389 686 466 turpissimum
717 399 771 463 est,
795 391 844 448 de·

55 484 241 542 decorantem
266 495 295 541 et
319 486 398 542 urbis
429 486 638 557 auctoritatem,
653 496 682 542 et
706 486 842 564 magistri.

54 580 165 652 Quare,
187 592 326 656 quantum
348 581 457 638 conniti
480 581 575 638 animo
595 593 685 657 potes,
706 593 843 658 quantum

55 676 151 734 labore
173 678 351 734 contendere
366 676 404 754 (si
426 676 556 734 discendi
577 679 657 734 labor
677 689 721 735 est
739 681 843 755 potius,
910 754 916 762 ἠ

56 792 139 847 quam
168 773 312 852 voluptas)
340 783 462 844 tantum,
485 775 540 845 fac,
562 783 593 829 ut
620 775 744 832 efficias:
772 786 874 833 neve5

55 869 227 940 committas,
249 879 290 939 ut,
319 889 385 926 cum
413 869 511 926 onmia
538 869 718 944 suppeditata
744 873 800 929 siut
828 891 845 930 a

13 1005 16 1011 .
55 967 148 1037 nobis,
163 969 225 1023 trite
237 965 299 1022 'tibi
320 966 445 1022 defuisse
466 958 588 1022 videare.
631 966 689 1022 Sed
704 967 765 1024 haec
779 968 845 1025 hac-

54 1071 146 1119 tenus.
189 1061 285 1118 Multa
299 1062 376 1118 euim
390 1081 465 1137 saepe
483 1062 519 1118 ad
539 1071 578 1132 te,
593 1060 761 1119 cohortandi
782 1082 845 1138 gra·

56 1158 104 1229 tit,
119 1157 297 1233 scripsimus
339 1157 368 1214 N
372 1176 429 1214 unc
450 1159 486 1214 ad
506 1157 645 1232 reliquam
658 1167 768 1231 partem
781 1175 846 1232 pro·

55 1255 153 1330 positae
168 1253 320 1311 divisionis
334 1265 518 1314 revertamur.
859 1264 890 1312 1⁰

91 1349 240 1407 Panaetius
269 1348 355 1425 igitur
383 1349 455 1426 (qui,
483 1350 545 1407 siue
574 1348 779 1420 controversia,
807 1349 844 1407 de

49 1446 157 1503 *officiis
183 1445 400 1502 accuratissime
427 1445 590 1520 disputavit,
613 1465 754 1521 quemque
782 1466 843 1518 nos,

56 1542 236 1600 correctione
256 1528 379 1616 quddam
401 1542 538 1613 adhibite,
552 1543 734 1617 potissimum
752 1543 844 1600 secuti
893 1578 894 1581 =

56 1641 177 1717 sumus),
199 1638 293 1694 tribus
319 1638 473 1714 generibus
500 1638 663 1714 propositis,
686 1639 716 1696 in
741 1640 844 1714 quibus

56 1735 214 1792 deliberare
236 1734 375 1805 homines,
391 1745 419 1791 et
433 1736 592 1793 consultare
608 1735 643 1792 de
657 1736 753 1792 officio
771 1736 889 1795 sole-15

56 1843 133 1901 rent;
154 1850 224 1901 nno,
240 1849 307 1886 cum
323 1830 495 1899 dubitarent,
510 1833 701 1889 honestumne
715 1832 744 1888 id
757 1843 842 1904 esset,

56 1928 168 2003 dequo
190 1936 333 2003 ageretur,
356 1946 392 1984 an
418 1937 516 2003 turpe3
545 1928 644 1999 altero,
666 1928 784 2002 utilene,
807 1947 843 1986 an

56 2022 172 2094 inutile;
194 2022 291 2094 tertio,
308 2023 332 2079 si
353 2022 392 2094 id,
413 2024 489 2098 quod
509 2023 635 2097 speciem
656 2023 774 2080 haberet
794 2023 844 2079 ho-

56 2120 138 2191 nesti,
166 2128 310 2195 pugnaret
336 2137 402 2176 cum
430 2139 464 2177 eo
491 2119 567 2194 quod
592 2117 663 2175 utile
688 2118 841 2188 videretur,

58 2215 203 2288 quomodo
223 2232 259 2270 ea
278 2213 404 2271 discerni
423 2224 584 2290 oporteret3
606 2213 643 2269 de
663 2213 776 2269 duobus
796 2231 843 2288 ge·
857 2227 889 2275 20

58 2310 173 2368 neribus
186 2308 298 2391 primis,
312 2304 403 2367 tiibus
422 2311 503 2369 libris
517 2308 688 2385 explicavit:
711 2308 746 2365 de
759 2307 844 2365 tertio

59 2417 151 2464 autem
179 2425 287 2482 genere
321 2406 458 2481 deinceps
484 2426 515 2463 se
542 2405 657 2480 scripsit
689 2404 843 2476 dicturum,

58 2520 111 2559 uec
130 2502 264 2574 exsolvit,
278 2502 355 2575 quod
375 2503 551 2577 promiserat.
591 2501 681 2563 Quod
701 2519 735 2559 eo
753 2501 845 2578 magis
934 2505 937 2512 '

58 2599 153 2672 miror,
168 2597 238 2674 quia
258 2598 395 2673 scriptum
417 2618 434 2656 a
453 2598 594 2675 discipulo
613 2597 675 2674 ejus
688 2596 844 2655 Posidonio

58 2706 108 2768 est,
123 2696 245 2772 triginta
260 2695 343 2751 annis
355 2693 460 2751 vixisse
473 2693 642 2765 Panaetium,
657 2704 844 2769 posteaquam
857 2696 890 2747 25

57 2809 106 2850 cos
119 2793 212 2850 libros
225 2789 371 2848 edidisset.
412 2789 511 2850 Quem
524 2791 620 2848 locum
634 2789 721 2847 miror
737 2808 754 2846 a
766 2787 845 2847 Posi·

58 2887 145 2948 donio
166 2887 291 2947 breviter
311 2904 375 2944 esse
394 2895 503 2944 tactum
523 2886 553 2945 in
573 2885 743 2962 quibusdam
767 2903 845 2945 com·
