1904 3750
57 270 126 334 aa]
357 271 401 319 nn
421 271 567 319 ossicus.
859 257 896 316 61

58 420 239 479 adversarios
253 419 459 491 existimemus,
474 419 522 495 qui
538 436 617 475 arma
630 428 729 476 contra
742 417 836 476 serant
844 437 852 489 ;

58 537 115 576 non
124 517 185 589 eos',
195 517 246 592 qui
261 535 315 574 suo
322 516 435 592 judicio
444 515 519 573 tueri
529 515 735 590 rempublicam
745 515 851 585 velint3

58 615 152 689 qualis
176 614 232 671 suit
252 613 328 671 inter
349 612 381 670 P.
397 613 569 670 Africanum
590 621 619 669 et
638 611 678 674 Q.
700 611 852 669 Metellum

58 711 121 768 siue
137 711 297 768 acerbitate
312 709 461 766 dissensio.

97 807 165 864 Nec
192 825 262 864 vero
284 805 431 877 audiendi,
454 805 502 880 qui
526 805 648 882 graviter
669 805 881 864 irascendum5

60 903 186 961 inimicis
200 903 356 980 putabunt,
372 901 457 976 idque
471 902 646 978 magnanimi
661 912 689 959 et
703 903 785 960 sortis
799 902 852 958 viri

59 1018 122 1057 esse
147 1000 318 1058 censebunt.
361 997 443 1055 Nihil
472 997 548 1054 enim
576 998 757 1070 laudabilius,
779 998 851 1055 nihil

60 1114 164 1173 magno
178 1106 208 1153 et
225 1095 369 1172 preclaro
383 1093 443 1151 viro
464 1093 589 1171 dignius,
602 1094 796 1171 placabilitate
812 1104 852 1151 at-

60 1211 113 1268 que
134 1185 301 1251 clementia.
344 1189 379 1247 In
405 1190 503 1248 liberis
529 1209 597 1246 vero
620 1189 741 1264 populis,
765 1198 795 1246 et
821 1189 851 1246 in

58 1287 127 1364 juris
147 1287 356 1363 aequabilitate,
371 1287 532 1344 exercenda
552 1285 640 1343 etiam
653 1294 697 1342 est
718 1284 851 1357 facilitas,
867 1292 897 1342 10

60 1394 88 1440 et
109 1385 230 1442 altitudo
254 1382 354 1454 animi,
369 1400 432 1456 quae
451 1382 573 1453 dicitur3
594 1401 641 1454 ne,
655 1381 680 1438 si
694 1381 852 1439 irascamur

60 1490 108 1537 aut
128 1479 332 1556 intempestive
357 1479 572 1550 accedentibus,
595 1488 644 1536 aut
670 1475 851 1554 impudenter

59 1577 238 1654 rogantibus,
249 1576 279 1632 iu
289 1574 485 1632 morositatem
495 1575 626 1632 inutilem
635 1586 663 1633 et
671 1575 798 1634 odiosam
809 1576 850 1632 in·

58 1673 197 1730 cidamus.
230 1671 271 1729 Et
285 1680 383 1728 tamen
398 1670 437 1727 ita
449 1672 598 1747 probanda
607 1682 651 1729 est
661 1673 851 1730 mansuetudo

60 1779 143 1844 atque
157 1767 326 1838 clementia,
337 1775 370 1824 ut
384 1767 562 1839 adhibeatur,
574 1768 739 1843 reipublicae
751 1769 849 1842 causd,
865 1774 896 1822 15

60 1865 205 1936 severitas,
218 1864 282 1921 sine
292 1862 349 1939 qud
362 1863 553 1921 administrari
565 1864 666 1923 civitas
677 1885 735 1923 non
745 1877 848 1942 potest.

97 1959 204 2019 Omnis
214 1969 311 2018 autem
322 1969 351 2016 et
364 1959 569 2017 animadversio
580 1971 608 2018 et
619 1963 770 2039 castigatio
782 1982 851 2020 con-

59 2057 178 2114 tumelia
192 2074 298 2113 vacare
313 2055 414 2112 debet:
436 2048 573 2131 nequead
588 2057 659 2132 ejus,
670 2059 719 2131 qui
732 2059 850 2133 punitur

61 2153 195 2228 aliquem,
212 2161 262 2210 aut
282 2152 377 2209 verbis
397 2153 528 2230 castigat,
545 2153 595 2210 sed
618 2153 653 2210 ad
673 2153 849 2228 reipublicae,

58 2248 213 2306 utilitatem
228 2246 338 2305 referri.
363 2306 367 2313 ,
864 2246 896 2295 20

98 2343 270 2401 Cavendum
294 2352 339 2399 cst
362 2344 458 2415 etiam,
481 2364 518 2402 ne
542 2343 633 2420 major
656 2363 742 2420 poena
765 2363 850 2419 quarn

59 2440 145 2518 culpa
164 2441 219 2510 sit;
241 2448 271 2497 et
291 2458 338 2511 ne,
354 2439 456 2497 iisdem
476 2442 512 2498 de
533 2441 639 2512 causis,
656 2441 704 2498 alii
724 2440 851 2517 plectan-

59 2544 114 2608 tur,
131 2537 179 2594 slii
194 2555 232 2593 ne
248 2536 426 2611 appellentur
440 2537 564 2610 quidem.

97 2632 284 2690 Prohibenda
298 2641 392 2689 autem
404 2634 527 2691 maxime
538 2643 582 2690 est
592 2633 634 2690 ira
645 2634 675 2691 iu
685 2632 849 2710 puniendo:

60 2747 207 2804 nunquam
236 2729 325 2799 euim,
347 2727 436 2785 iratus
458 2729 507 2804 qui
529 2730 649 2787 accedet
670 2732 705 2786 ad
725 2748 849 2804 posnam,
865 2738 897 2786 25

60 2825 289 2883 mediocritatem
299 2824 376 2881 illam
388 2825 507 2897 tenebit,
516 2844 579 2901 quas
591 2835 634 2882 est
645 2826 719 2883 inter
729 2825 851 2884 nimium

61 2930 90 2978 et
115 2939 236 2998 parum3
257 2939 321 2995 quae
347 2918 443 2995 placet
469 2919 685 2997 Peripateticis3
716 2930 746 2978 et
772 2932 852 2980 recte

59 3017 163 3094 placet,
181 3016 271 3077 ruodo
289 3035 329 3078 nc
347 3015 505 3084 laudarent
525 3020 729 3104 iracundius,
740 3031 774 3085 et
792 3020 878 3082 dus·
