1904 3750
53 250 133 312 un]
356 249 399 296 nu
419 248 565 297 ornans.
844 218 901 300 ldu

53 401 137 459 bellis
165 397 397 474 triumpharunt.
449 398 544 457 Multa
566 408 705 475 preterea
728 414 854 457 comme·

55 517 202 556 morarem
219 496 336 553 nefaria
355 496 385 553 in
407 497 512 569 socios,
527 497 551 554 si
572 496 629 554 hoc
643 514 701 555 uno
715 497 756 554 sol
772 495 852 573 quid-

55 614 141 669 quam
157 594 282 651 vidisset
300 592 454 670 indignius.
496 593 567 650 Jure
581 593 667 671 igitur
680 594 850 669 plectimur:

56 692 109 749 nisi
125 692 208 748 enim
222 691 381 747 multorum
396 690 537 765 impunita
549 691 659 747 scelera
677 691 851 764 tulissemus,

56 807 208 864 nunquam
232 788 268 844 ad
291 806 381 844 unum
396 797 476 845 tauta
488 787 664 864 pervenisset
677 787 811 860 licentia3
835 807 852 847 a
865 793 881 842 5

57 904 112 960 quc
124 886 246 960 quidem
261 885 304 942 rei
319 884 466 941 familiaris
481 885 516 942 ad
530 904 647 961 paucos,
660 885 851 962 cupiditatum

58 983 91 1039 ad
105 982 216 1040 multos
231 982 390 1057 improbos,
404 982 482 1039 venit
495 981 655 1039 haereditas.

94 1070 248 1137 Nec'vero
263 1097 391 1152 unquam
407 1079 547 1136 bellorum
569 1078 696 1135 civilium
710 1098 808 1138 semen
822 1089 851 1138 et

58 1196 147 1235 causa
160 1177 265 1248 deerit,
280 1177 351 1233 dum
372 1176 504 1233 homines
524 1175 629 1251 perditi
643 1175 753 1234 hastam
772 1176 851 1234 illam

58 1283 209 1331 cruentam
237 1282 267 1330 et
294 1272 486 1345 meminerint,
511 1283 540 1330 et
563 1273 734 1349 sperabunt3
766 1292 850 1347 quam
866 1278 896 1327 lu

58 1368 86 1428 P.
103 1371 190 1428 Sulla
203 1389 271 1427 cum
287 1369 436 1442 vibrasset,
450 1370 590 1428 dictatore
603 1370 766 1446 propinquo
780 1390 848 1442 suo;

58 1466 144 1540 idem,
156 1477 240 1525 sexto
255 1477 284 1524 et
298 1465 445 1523 tricesimo
461 1485 536 1524 anno
549 1477 623 1543 post,
636 1487 652 1525 a
666 1468 850 1526 sceleratiore

58 1563 140 1622 hasta
166 1582 227 1621 nun
255 1563 385 1620 recessit.
440 1563 523 1622 Alter
551 1573 656 1638 autem,
677 1565 725 1642 qui
748 1565 777 1623 in
800 1566 850 1624 ills

58 1659 204 1719 dictatnrd
218 1659 316 1716 scriba
331 1659 431 1732 fuerat,
446 1660 476 1717 in
491 1660 546 1718 hac
560 1661 614 1719 fuit
627 1673 749 1738 quaestor
767 1665 850 1722 urba·

57 1776 121 1815 nus.
173 1756 221 1815 Ex
243 1775 302 1832 quo
327 1755 412 1813 debet
439 1757 571 1835 intelligi,
593 1758 698 1817 talibus
724 1760 849 1837 premiis
864 1767 895 1821 15

57 1853 222 1930 propositis,
237 1871 385 1928 nunquam
406 1853 539 1912 defutura
559 1855 635 1914 bella
648 1857 752 1916 civilia.
793 1857 850 1932 Ite

58 1969 114 2026 qne
134 1950 262 2028 parietes
284 1950 364 2006 urbis
387 1951 474 2008 modo
488 1961 564 2009 stant
577 1964 606 2010 et
623 1965 749 2027 manent,
772 1955 850 2030 iique

58 2047 113 2124 ipsi
133 2051 194 2126 jam
216 2057 346 2107 extrema
367 2048 477 2105 scelera
499 2059 675 2107 metuentes:
704 2069 765 2108 rem
783 2070 850 2110 vero

58 2145 206 2220 publicam
226 2145 343 2222 penitus
366 2145 521 2217 amisimus,
546 2155 628 2220 atque
643 2146 672 2202 in
686 2147 738 2204 has
752 2146 850 2204 clades

60 2241 227 2314 incidimus,
251 2241 445 2319 (redeundum
459 2252 503 2299 est
516 2242 592 2299 enim
608 2242 643 2299 ad
656 2242 848 2322 propositum)
863 2260 896 2311 ω

60 2337 126 2397 dnm
150 2339 253 2411 metui,
276 2357 362 2412 quam
383 2338 444 2396 curi
462 2357 525 2395 esse
539 2347 568 2394 et
581 2336 673 2414 diligi,
688 2337 848 2398 maluimus.

59 2433 134 2497 Quae
157 2435 183 2492 si
203 2434 311 2512 populo
333 2433 469 2492 Romano
489 2433 594 2510 injuste
608 2433 760 2509 imperanti
775 2435 839 2492 acci

61 2531 126 2590 dere
161 2539 330 2608 potuerunt,
358 2531 426 2606 quid
453 2530 560 2588 debent
589 2540 690 2606 putare
723 2531 850 2608 siugulil

61 2627 150 2690 Quod
180 2648 249 2687 cum
275 2627 461 2704 perspicuum
488 2628 534 2699 sit,
558 2620 765 2685 benevolentiae
792 2627 850 2686 vim

62 2743 122 2784 csse
146 2744 295 2804 magnam,
321 2723 415 2781 metris
439 2724 628 2794 imbecillam;
660 2721 798 2799 sequitur,
820 2735 851 2783 ut
865 2731 896 2783 ᾖ

63 2821 247 2894 disseremus,
282 2821 387 2896 quibus
420 2820 506 2878 rebus
537 2820 682 2896 possimus
715 2817 852 2881 facillime

64 2936 134 2994 eam,
159 2938 248 2997 quam
272 2919 415 2990 volumus,
439 2915 568 2996 adipisci,
592 2933 660 2976 cum
686 2915 800 2980 huuure
823 2929 859 2982 et

65 3013 127 3090 fide,
142 3016 300 3077 amntem.
