1904 3750
68 272 110 334 oz
260 302 262 307 ·
291 285 429 348 amarus,
448 285 524 334 srva
542 285 585 334 nu
603 284 762 335 arumnis.

155 435 286 495 Tantum
308 448 404 495 autem
427 437 533 513 cuique
557 436 754 510 tribuendum,
774 436 910 514 primum,

115 545 256 610 quantum
270 536 330 612 ipse
339 535 454 593 efficere
465 535 575 612 possin
598 534 704 592 deinde
715 535 813 607 etiam,
823 553 912 610 quan·

114 641 177 689 tum
197 631 256 704 ille,
271 651 357 707 quem
378 632 482 710 diligas
504 642 589 705 atque
610 631 736 707 adjuves,
759 631 910 689 sustinere.

115 727 145 786 N
148 748 185 786 on
200 729 278 786 enim
292 739 323 787 tu
337 729 440 806 possis,
455 728 638 804 quantumvis
659 728 796 801 excellas,
811 745 913 786 omues

84 839 100 887 ὅ
114 835 180 882 tuos
195 825 231 883 ad
245 824 371 882 honores
383 825 573 902 amplissimos
581 825 756 901 perducere3
768 835 801 882 ut
811 824 914 901 Scipio

114 921 146 978 P.
159 921 305 979 Rutilium
316 923 411 998 potuit
425 923 576 980 consulem
585 921 711 993 efficere,
721 921 839 979 fratrem
850 921 912 998 ejus

115 1017 240 1076 Lucium
254 1039 314 1077 uon
327 1020 430 1096 potuit.
471 1019 562 1081 Quod
577 1019 602 1076 si
622 1019 710 1076 etiam
723 1019 817 1094 posui
832 1018 914 1094 quid·

114 1113 157 1171 vis
168 1114 280 1173 deferre
296 1116 331 1173 ad
346 1116 477 1188 alterum,
492 1115 649 1174 videndum
662 1125 707 1172 est
720 1124 827 1187 tamen,
843 1115 913 1192 quid

115 1211 164 1268 ille
177 1212 269 1288 possit
286 1212 436 1270 sustinere.

70 1321 100 1371 10
154 1308 285 1367 Omnino
307 1309 452 1382 amicitiae,
468 1308 663 1367 corroboratis
681 1308 741 1386 jam
761 1308 913 1366 confirma-

114 1405 208 1480 tisque
232 1418 261 1464 et
283 1406 408 1482 ingeniis
432 1416 461 1463 et
482 1406 624 1477 aetatibur,
641 1405 806 1482 judicandae
827 1415 912 1462 sunt:

115 1520 181 1574 uec,
196 1502 221 1559 si
235 1503 293 1578 qui,
309 1502 427 1560 ineunte
448 1485 541 1574 aetate,
556 1502 680 1559 venandi
702 1512 751 1560 aut
770 1502 836 1578 piloe
855 1512 913 1560 stu·

116 1597 190 1654 diosi
205 1597 321 1669 fuerint,
333 1617 381 1656 eos
392 1599 499 1655 habere
513 1599 692 1657 necessarios
703 1608 827 1674 oportet,
840 1617 913 1673 quos

115 1701 177 1748 tum
192 1693 294 1749 eodem
306 1694 402 1751 studio
415 1694 552 1769 praeditos
564 1695 743 1752 dilexerunt:
766 1694 822 1751 isto
833 1695 912 1752 enim

66 1806 101 1854 15
116 1789 203 1846 modo
218 1791 346 1847 nutrices
367 1801 396 1847 et
415 1790 577 1866 paedagogi,
590 1791 654 1866 jure
676 1791 837 1863 vetustatis,
852 1792 913 1867 plu-

116 1887 220 1943 rimum
232 1888 440 1944 benevolentiae
454 1888 661 1962 postulabunt:
684 1888 731 1962 qui
744 1887 912 1964 negligendi

117 1983 233 2058 quidem
249 2003 307 2040 non
323 1994 399 2056 sunt,
412 1984 461 2041 sed
475 1984 530 2041 alio
545 1985 669 2059 quodam
684 1984 771 2040 modo
786 1985 910 2042 colendi.

117 2081 212 2137 Aliter
234 2081 368 2138 amicitiae
389 2081 507 2138 stabiles
526 2100 695 2156 permanere
709 2099 768 2136 uon
782 2091 911 2156 possunt.

117 2177 256 2253 Dispares
270 2178 346 2235 enim
363 2197 466 2248 mores,
480 2177 606 2252 disparia
622 2176 725 2247 studia,
742 2188 911 2252 sequuntur,

70 2292 101 2341 20
117 2295 239 2350 quorum
251 2275 454 2332 dissimilitudo
464 2275 602 2331 dissociat
617 2274 775 2333 amicitias:
798 2293 864 2346 nec,
875 2276 912 2333 ob

118 2371 203 2428 aliam
231 2390 347 2430 causam
383 2371 479 2441 ullam,
508 2370 577 2426 boni
613 2369 760 2444 improbis,
780 2369 912 2445 'improbi

116 2468 210 2539 bonis,
230 2468 315 2524 amici
337 2485 400 2523 esse
423 2485 481 2522 non
501 2452 632 2541 possunt,
655 2465 710 2522 nisi
734 2466 810 2540 quod
833 2476 913 2525 tanta

116 2575 159 2622 est
174 2565 322 2635 intereos,
338 2574 446 2637 quanta
466 2563 591 2620 maxima
603 2573 698 2638 potest
712 2582 785 2635 esse,
800 2582 913 2621 morum

116 2661 334 2735 studiorumque
348 2659 492 2716 distantia.

68 2762 103 2812 25
157 2758 254 2815 Recte
274 2757 362 2815 etiam
386 2756 504 2832 praecipi
526 2766 621 2831 potest
645 2756 674 2813 in
701 2756 846 2827 amicitiis,
876 2777 914 2816 ue

118 2852 308 2930 intemperata
322 2853 452 2928 quaedam
464 2853 666 2910 benevolentia
679 2852 769 2929 (quod
783 2871 914 2928 persaepe

106 2949 156 3032 tit)
173 2952 318 3033 impediat
337 2969 459 3032 magnas
477 2949 615 3007 utilitates
636 2949 803 3006 amicorum.
845 2950 914 3009 Nec

96 3050 185 3114 enim
203 3053 255 3136 (ut
273 3055 309 3119 ad
335 3053 457 3115 fabulas
474 3047 611 3126 redeam}
624 3044 751 3118 urum
760 3043 922 3118 mecumte-
