1904 3750
75 251 115 308 58
278 244 416 323 nmmos
435 265 509 311 srva
534 266 577 311 on
597 264 755 311 antonna.

120 419 180 468 tum
203 429 265 468 esse
286 413 468 488 sapientem:
499 414 550 471 sed
571 424 689 489 uterque
712 413 768 471 alio
787 412 914 489 quodam

120 507 226 565 modo:
247 508 365 582 Atilius,
380 510 449 585 quia
467 511 595 585 prudens
615 529 678 567 esse
699 509 812 586 injure
832 508 913 566 oivili

119 605 289 679 putabatur;
311 605 394 677 Cato,
410 606 478 680 quia
491 607 644 664 multarum
658 625 753 663 rerum
768 624 850 662 nsum
864 605 914 662 ha·

121 700 215 758 bebat.
246 699 340 758 Multa
354 701 426 777 ejus,
437 713 467 759 et
478 701 507 759 in
519 712 619 759 senatu
630 712 659 759 et
670 703 700 759 in
711 702 783 774 soro,
795 702 838 758 rel
849 718 914 776 pro·

75 803 92 852 5
122 795 181 853 visa
200 797 366 871 prudenter,
381 798 425 855 vel
442 809 507 855 anta
527 807 702 869 constanter,
717 798 762 854 vel
777 816 913 874 responsa

122 904 216 964 acute,
238 893 410 952 serebantur.
458 895 625 970 Propterea,
647 894 728 969 quasi
750 913 912 971 cognomen

95 989 177 1066 tiam
198 990 322 1048 habebat
342 990 372 1047 in
393 1001 544 1048 senectute
565 990 712 1066 sapientis.
753 989 802 1047 Te
817 1001 912 1047 autern

122 1085 178 1143 alio
192 1087 316 1161 quodam
335 1087 422 1144 modo
443 1087 554 1161 dieunt,
569 1106 628 1146 non
649 1087 740 1145 solum
761 1087 863 1144 natural
884 1096 913 1144 et

120 1183 259 1256 moribus,
283 1203 381 1242 verum
405 1185 493 1241 etiam
517 1185 613 1242 studio
634 1194 662 1241 et
683 1183 827 1255 doctrina,
849 1202 913 1240 esse

75 1284 106 1333 10
120 1280 294 1355 sapientem3
312 1298 368 1337 neo
383 1280 459 1337 sieut
469 1281 581 1358 vulgus,
594 1281 643 1338 sed
659 1290 692 1338 ut
705 1280 809 1338 eruditi
821 1279 913 1338 solent

121 1377 265 1452 appellare
290 1377 460 1452 sapientem,
482 1378 596 1452 qualem
617 1377 646 1434 in
667 1377 778 1451 reliquit
798 1377 914 1435 Graeoilt

119 1473 266 1531 neminem
282 1470 363 1548 (nam
385 1473 433 1547 qni
454 1484 564 1549 septem
583 1474 772 1549 appellantur,
787 1493 848 1546 eos,
863 1474 914 1549 qui

119 1567 175 1624 ista
189 1568 321 1625 subtilius
336 1579 477 1641 quaerunt,
489 1569 519 1625 in
534 1587 654 1625 numero
665 1569 840 1644 sapientium
853 1588 913 1627 non

119 1663 259 1743 habent);
282 1664 407 1720 Athenis
428 1683 517 1721 unum
539 1664 714 1739 accepimus,
730 1675 758 1721 et
772 1684 838 1722 eurn
852 1666 914 1742 qni·

74 1769 105 1818 15
120 1760 185 1816 dem
206 1760 293 1816 etiam
311 1760 457 1835 Apollinis
471 1761 590 1817 oraculo
604 1761 848 1836 sapientissimum
867 1763 911 1839 jn·

119 1857 256 1914 dicatum.
299 1856 386 1913 Hane
401 1876 463 1913 esse
476 1859 504 1913 in
516 1867 544 1913 te
556 1859 724 1932 sapientiam
736 1858 912 1932 existimant,

119 1963 151 2011 ut
174 1954 272 2011 omnia
295 1964 346 2011 tua
370 1954 399 2010 in
424 1964 453 2011 te
477 1954 570 2029 posita
592 1955 691 2025 ducas,
714 1954 912 2030 humanosque

120 2070 204 2108 casus
232 2051 335 2108 virtute
364 2051 514 2108 inferiores
541 2060 632 2126 putes.
674 2050 774 2125 Itaque
802 2070 838 2107 ex
866 2071 912 2108 mo

119 2158 258 2225 quaerunt,
282 2147 394 2222 (oredo,
415 2148 482 2204 item
504 2167 540 2203 ex
559 2158 598 2217 te,
618 2147 763 2226 Scaevola)
786 2165 912 2222 quonam

73 2260 105 2310 20
119 2257 205 2322 pacto
219 2257 341 2302 mortem
356 2244 488 2301 Africani
504 2244 587 2315 seras,
603 2262 695 2317 eoque
709 2244 811 2319 magis,
824 2246 912 2318 qnod,

119 2343 164 2399 his
191 2341 330 2417 proximis
358 2340 463 2411 Nonis,
489 2358 556 2396 oum
584 2339 613 2395 in
642 2339 740 2395 hortos
764 2339 800 2397 D.
827 2341 912 2398 Bruti

120 2439 246 2515 auguris,
262 2436 476 2493 commentandi
498 2435 595 2505 causti,
611 2444 643 2490 ut
658 2435 772 2506 assolet,
787 2436 913 2494 venisse·

119 2554 193 2606 mue,
215 2545 246 2591 tu
267 2552 324 2589 non
348 2532 462 2602 affuisti,
484 2532 532 2606 qui
553 2531 774 2606 diligentissime
798 2551 911 2608 semper

119 2632 200 2689 illum
214 2630 299 2699 diem,
315 2638 344 2685 et
359 2628 428 2684 illud
443 2646 557 2697 munus,
572 2627 674 2683 solitus
689 2646 767 2684 esses
781 2629 872 2686 obire.

72 2740 104 2790 25
159 2725 295 2784 Scaevola.
337 2724 484 2785 Quaerunt
508 2723 633 2798 quidem,
655 2723 690 2779 C.
713 2722 793 2794 Laeli,
816 2725 911 2797 multi,

118 2834 149 2880 ut
166 2832 209 2879 est
229 2821 377 2878 aFannio
392 2821 519 2876 dietum:
541 2818 590 2874 sed
612 2837 668 2894 ego
689 2819 718 2875 id
739 2820 910 2894 respondeo,

112 2919 191 2993 qnod
215 2917 415 2988 animadverti,
431 2927 460 2972 te
483 2915 621 2986 dolorem,
642 2933 725 2989 quem
750 2918 910 2990 acceperis,

100 3034 172 3077 curn
201 3018 319 3080 summi
341 3016 413 3092 viri,
433 3026 500 3075 tum
521 3011 691 3072 umidissimi
711 3021 817 3082 morte,
835 3012 912 3072 letto
