1904 3750
72 251 113 312 ω
365 252 454 304 curo
474 257 590 316 urion,
610 256 674 304 sau

121 408 212 480 debit,
228 417 277 466 aut
291 419 402 484 patrem
416 418 499 467 tuum
519 407 651 479 Paulum,
667 417 716 465 aut
735 407 808 465 duos
829 423 906 480 avos,

121 505 244 563 Paulum
258 515 287 563 ct
307 506 489 577 Africanum,
505 515 555 562 aut
568 498 701 562 Africani
721 514 843 580 patrem,
858 513 908 562 aut

121 611 264 677 patruum,
281 610 329 659 aut
342 601 448 658 multos
467 611 634 676 praestantes
648 600 733 671 viros,
748 619 821 675 quos
841 618 909 658 cnu-

122 716 233 755 merare
247 716 306 754 non
320 707 364 754 est
384 716 514 769 necesse,
529 706 609 754 tanta
622 714 686 753 esse
700 707 832 768 conatos,
846 714 908 772 qun

89 803 106 851 5
123 794 158 852 ad
171 793 347 869 posteritatis
360 794 528 851 memoriam
542 793 729 869 pertinerent,
741 793 798 850 nisi
813 792 909 850 animo

93 919 101 967 g
120 900 284 962 cernerent,
311 891 509 966 posteritatem
537 889 572 947 ad
599 908 630 946 se
656 890 809 965 pertinere.
861 889 909 946 An

122 1004 224 1043 censes
239 984 285 1063 (ut
299 986 335 1043 de
349 1005 396 1043 me
417 985 480 1062 ipso
501 985 607 1061 aliquid
628 1003 709 1042 more
729 1003 830 1042 senum
850 984 910 1061 glo·

123 1081 193 1162 rier)
216 1102 263 1140 me
289 1092 385 1140 tantos
410 1081 669 1140 laboresdiurnos
695 1092 911 1156 nocturnosque

121 1178 201 1236 domi
222 1178 390 1253 militiaeque
412 1189 616 1255 suscepturum
630 1177 728 1250 fuisse,
755 1177 780 1235 si
808 1177 911 1234 iisdem

75 1276 106 1327 1⁰
122 1275 228 1334 finibus
248 1275 366 1352 gloriam
387 1294 491 1347 meam,
505 1276 610 1351 quibus
629 1274 727 1346 vitam,
742 1292 835 1331 essem
855 1283 912 1331 ter·

121 1371 300 1429 minaturust
341 1369 449 1428 Nonne
469 1372 573 1430 melius
593 1371 685 1428 multo
706 1370 817 1442 suisset,
838 1370 912 1427 otio·

121 1487 182 1527 sam
196 1477 309 1526 aetatem
322 1478 352 1524 et
365 1467 501 1541 quietam,
516 1468 579 1526 sine
594 1467 654 1526 ullo
673 1466 772 1525 labore
792 1474 822 1523 et
842 1483 912 1524 con·

122 1564 262 1637 tentione,
295 1562 467 1622 traduceret
519 1564 588 1637 Sed,
622 1563 723 1622 nescio
755 1562 911 1638 quomodo,

124 1659 246 1732 animus,
281 1659 395 1736 erigens
428 1679 469 1733 se,
494 1660 691 1736 posteritatem
723 1678 836 1735 semper
870 1659 912 1718 ita

76 1755 107 1806 15
122 1755 326 1834 prospiciebat,
341 1757 433 1831 quasi,
450 1777 516 1815 cum
537 1757 708 1815 excessisset
727 1774 744 1813 e
763 1756 832 1827 vita,
849 1766 912 1814 tum

122 1852 247 1928 denique
260 1853 390 1910 victurus
403 1863 487 1912 esset.
527 1853 619 1916 Quod
633 1852 749 1927 quidem
764 1851 795 1909 ni
816 1852 858 1909 ita
880 1870 912 1910 sa

123 1949 253 2020 haberet,
267 1959 299 2007 ut
314 1948 402 2007 animi
417 1949 592 2008 immortales
606 1959 712 2020 essent,
722 1948 798 2006 haud
809 1947 912 2023 optimi

122 2046 262 2122 cujusque
277 2045 389 2103 animus
402 2046 526 2103 maxime
540 2045 576 2102 ad
590 2044 836 2103 immortalitatem
851 2044 913 2122 glo-

123 2143 173 2200 riae
188 2143 335 2199 niteretur.

75 2245 108 2296 20
162 2238 255 2310 Quid,
271 2239 347 2313 quod
361 2231 589 2313 sapientissimus
609 2239 729 2314 quisque
750 2237 912 2313 aequissimo

125 2336 221 2394 animo
235 2334 364 2405 moritur,
380 2333 566 2392 stultissimus
580 2334 782 2410 iniquissimot
804 2333 913 2391 Nonne

123 2432 206 2489 vobis
220 2432 331 2488 videtur
347 2430 460 2487 animus
474 2431 508 2502 is,
523 2431 572 2506 qui
585 2431 651 2506 plus
665 2441 765 2488 cernat
779 2441 808 2487 et
821 2430 914 2507 longi·

125 2548 168 2600 us,
181 2529 289 2599 videre,
304 2545 335 2583 se
357 2527 392 2583 ad
413 2527 535 2584 meliora
553 2528 714 2603 proficisci;
738 2527 786 2584 ille
808 2537 913 2598 autem,

125 2625 208 2701 cujus
222 2624 351 2683 obtusior
365 2623 402 2680 sit
423 2623 510 2694 acies,
532 2642 591 2681 non
612 2625 729 2682 videret
770 2623 915 2698 Equidem

76 2724 109 2774 25
125 2721 229 2778 efferor
253 2719 349 2777 studio
372 2730 468 2794 patres
489 2730 609 2791 vestros,
634 2738 705 2794 quos
727 2719 805 2777 colui
826 2731 856 2775 et
874 2719 916 2776 di·

124 2816 192 2887 lexi,
207 2815 340 2873 videndi:
362 2833 455 2890 neque
479 2833 547 2873 vero
571 2833 621 2872 eos
643 2815 736 2873 solum
761 2813 916 2872 convenire

121 2929 203 2983 areo,
220 2929 293 2989 quos
307 2911 368 2988 ipse
382 2911 523 2988 cognovi;
546 2911 597 2969 sed
612 2912 676 2970 illos
690 2911 787 2980 etiam,
803 2908 839 2966 de
855 2909 917 2983 qui·

107 3005 169 3068 bus
195 3009 312 3088 audivi,
343 3021 373 3071 et
399 3008 474 3090 legi,
499 3018 532 3068 et
552 3008 620 3085 ipse
639 3004 806 3080 conscripsi.
844 3004 917 3067 Quo
