1904 3750
60 241 132 300 L.1.]
360 233 403 281 aa
424 233 571 282 oremus.
879 224 903 285 9

61 393 220 458 utrumque
234 391 314 440 certe
328 381 420 441 secuti
434 400 542 439 sumus.
585 381 730 456 Equidem
744 390 774 438 et
793 380 857 439 Pla·

61 491 160 539 tonem
176 479 322 551 existimo,
334 479 359 536 si
373 498 464 556 genus
476 479 589 536 forense
600 479 718 536 dicendi
732 488 857 536 tractare

61 578 211 648 voluisset,
227 576 396 653 gravissime
415 586 445 633 et
464 576 659 651 copiosissime
672 575 801 651 potuisse
815 575 857 633 di·

62 694 146 745 cerc;
176 684 205 732 et
226 673 467 744 Demosthenem,
488 671 513 729 si
533 671 592 743 illa,
613 690 676 746 quae
698 690 715 736 q
734 671 856 729 Platone

63 772 213 842 didicerat,
235 769 387 840 tenuisset,
401 779 431 826 et
450 769 636 845 pronuntiare
650 767 797 840 voluisset,
811 788 856 828 or·
869 782 886 832 5

60 878 128 926 nate
158 866 367 943 splendideque
395 865 489 922 faeere
509 865 646 940 potuisse.
687 864 856 940 Eodemque

62 964 150 1020 modo
163 963 201 1019 de
222 961 382 1018 Aristotele
396 971 424 1018 et
444 961 574 1018 Isocrate
592 961 711 1036 judico;
734 981 855 1036 quorum

61 1070 192 1134 uterque,
215 1077 270 1116 suo
301 1058 396 1115 studio
424 1058 594 1128 delectatus,
616 1058 790 1134 contempsit
816 1058 855 1119 al·

60 1165 163 1215 terum.

97 1349 138 1408 H.
161 1350 231 1422 Sed,
247 1368 315 1407 cum
336 1348 500 1406 statuissem
522 1347 630 1423 aliquid
651 1346 709 1405 hoc
726 1356 854 1423 tempore
870 1348 900 1398 1⁰

59 1447 95 1504 ad
120 1457 151 1504 te
173 1446 312 1518 scribere,
336 1456 366 1503 et
387 1446 477 1503 multa
497 1447 629 1521 posthac,
653 1447 688 1503 ab
711 1463 745 1504 eo
765 1444 853 1504 ordiri

57 1543 138 1603 volui
157 1544 293 1614 maxime,
314 1543 390 1617 quod
411 1552 440 1599 et
460 1543 538 1600 aetati
562 1553 619 1600 tuae
640 1552 716 1600 esset
743 1542 854 1618 aptissi-

57 1660 148 1712 mum,
164 1650 194 1697 et
208 1640 372 1697 auctoritati
386 1658 466 1697 meae.
507 1638 537 1697 N
541 1659 596 1714 am,
611 1659 679 1697 cum
693 1639 784 1697 multa
796 1639 853 1697 siut

58 1737 89 1795 in
108 1736 303 1813 philosophis,
325 1746 354 1793 et
374 1736 472 1813 gravia
492 1746 521 1794 et
541 1736 633 1808 utilia,
649 1746 784 1795 accurate
805 1754 854 1794 co·

57 1833 198 1910 pioseque
209 1853 227 1890 a
235 1833 412 1909 philosophis
423 1833 566 1908 disputata
578 1853 585 1902 ;
606 1833 745 1890 latissime
755 1843 853 1908 patere
869 1835 900 1886 15

58 1931 191 1987 ridentur
216 1949 261 2002 ea,
283 1950 348 2006 que
372 1930 408 1986 de
431 1930 534 1989 officiis
555 1930 661 1988 tradita
684 1930 719 1987 ab
744 1929 801 1987 illis
824 1939 853 1987 et

60 2035 204 2102 praecepta
227 2014 303 2083 ¹sunt.
345 2025 436 2084 Nulla
463 2027 539 2083 enirn
564 2027 630 2085 vitae
657 2045 733 2102 pars,
758 2044 852 2100 neque

60 2122 184 2197 publicis
204 2142 300 2197 neque
320 2122 448 2198 privatis,
463 2141 558 2197 neque
579 2123 741 2180 forensibus
759 2140 852 2196 neque

58 2218 227 2278 domesticis
241 2220 271 2277 in
284 2220 391 2289 rebus;
412 2238 507 2294 neque
529 2219 553 2275 si
574 2228 671 2276 tecum
691 2237 759 2293 agas
772 2218 852 2292 quid,

59 2332 154 2390 neque
168 2317 193 2373 si
209 2335 275 2374 cum
291 2316 381 2373 altero
396 2317 559 2386 contrahas,
574 2333 677 2372 vacare
697 2313 792 2373 officio
805 2334 853 2389 po·
866 2316 899 2365 2⁰

58 2420 131 2470 test:
161 2413 307 2488 incoque
330 2412 453 2470 colendo
480 2413 534 2469 sita
557 2411 622 2468 vitae
650 2420 693 2467 est
720 2410 853 2468 honestas

60 2498 163 2581 omnis,
177 2520 208 2567 et
222 2509 252 2567 in
266 2509 443 2587 negligendo
457 2507 614 2583 turpitudo.

99 2606 197 2682 Atque
217 2606 279 2664 haec
294 2605 412 2683 quidem
425 2604 545 2680 questio
560 2601 723 2662 communis
737 2612 781 2659 est
788 2599 853 2660 'om-

59 2701 139 2760 nium
160 2702 415 2780 philosophorum:
436 2700 500 2776 quis
520 2711 563 2758 est
584 2699 672 2770 enim,
691 2698 751 2774 qui,
765 2699 853 2757 nullis

59 2799 147 2856 officii
161 2800 313 2876 preceptis
324 2798 481 2869 tradendis,
493 2796 693 2873 philosophum
705 2813 736 2853 se
748 2796 853 2854 audeat
865 2801 898 2852 ᾗ

61 2894 178 2954 dicerel
200 2897 258 2954 Sed
273 2904 342 2954 sunt
356 2894 502 2951 nonnulle
517 2892 687 2967 discipline,
702 2912 776 2967 qum,
790 2910 852 2969 pro-

58 2992 160 3069 positis
184 2994 326 3054 bonorum
355 3001 384 3052 et
410 2991 557 3056 malorum
584 2990 710 3071 linibus,
734 2989 874 3058 sudium
