<?xml version="1.0" encoding="UTF-8"?>
<!DOCTYPE html PUBLIC "-//W3C//DTD XHTML 1.0 Transitional//EN"
    "http://www.w3.org/TR/xhtml1/DTD/xhtml1-transitional.dtd">
<html xmlns="http://www.w3.org/1999/xhtml" xml:lang="en" lang="en">
 <head>
  <title>
</title>
<meta http-equiv="Content-Type" content="text/html;charset=utf-8" />
  <meta name='ocr-system' content='tesseract 3.04.00' />
  <meta name='ocr-capabilities' content='ocr_page ocr_carea ocr_par ocr_line ocrx_word'/>
</head>
<body>
  <div class='ocr_page' id='page_1' title='image "./mtciceronisdeof00dillgoog/mtciceronisdeof00dillgoog_0021.png"; bbox 0 0 1904 3750; ppageno 0'>
   <div class='ocr_carea' id='block_1_1' title="bbox 79 616 869 713">
    <p class='ocr_par' dir='ltr' id='par_1_1' title="bbox 79 616 869 713">
     <span class='ocr_line' id='line_1_1' title="bbox 79 616 869 713; baseline 0 -12"><span class='ocrx_word' id='word_1_1' title='bbox 79 616 118 701; x_wconf 64' lang='lat'><strong>12</strong></span> <span class='ocrx_word' id='word_1_2' title='bbox 416 650 459 698; x_wconf 81' lang='lat' dir='ltr'><strong>nn</strong></span> <span class='ocrx_word' id='word_1_3' title='bbox 478 650 623 699; x_wconf 77' lang='lat' dir='ltr'><strong>omens.</strong></span> <span class='ocrx_word' id='word_1_4' title='bbox 841 653 869 713; x_wconf 86' lang='lat' dir='ltr'><strong>[t</strong></span> 
     </span>
    </p>
   </div>
   <div class='ocr_carea' id='block_1_2' title="bbox 69 796 867 3169">
    <p class='ocr_par' dir='ltr' id='par_1_2' title="bbox 91 796 867 1650">
     <span class='ocr_line' id='line_1_2' title="bbox 126 796 867 876; baseline -0.007 -18"><span class='ocrx_word' id='word_1_5' title='bbox 126 809 276 876; x_wconf 80' lang='lat' dir='ltr'><strong>euterpe,</strong></span> <span class='ocrx_word' id='word_1_6' title='bbox 298 800 440 873; x_wconf 87' lang='lat' dir='ltr'><strong>dubitant,</strong></span> <span class='ocrx_word' id='word_1_7' title='bbox 462 801 502 874; x_wconf 91' lang='lat' dir='ltr'><strong>id,</strong></span> <span class='ocrx_word' id='word_1_8' title='bbox 524 801 601 876; x_wconf 92' lang='lat' dir='ltr'><strong>quod</strong></span> <span class='ocrx_word' id='word_1_9' title='bbox 622 801 653 858; x_wconf 92' lang='lat' dir='ltr'><strong>in</strong></span> <span class='ocrx_word' id='word_1_10' title='bbox 678 796 867 858; x_wconf 87' lang='lat' dir='ltr'><strong>deliberation</strong></span> 
     </span>
     <span class='ocr_line' id='line_1_3' title="bbox 125 894 866 974; baseline -0.007 -18"><span class='ocrx_word' id='word_1_11' title='bbox 125 897 219 956; x_wconf 89' lang='lat' dir='ltr'><strong>eadit:</strong></span> <span class='ocrx_word' id='word_1_12' title='bbox 241 896 341 974; x_wconf 92' lang='lat' dir='ltr'><strong>inquo</strong></span> <span class='ocrx_word' id='word_1_13' title='bbox 360 898 569 956; x_wconf 87' lang='lat' dir='ltr'><strong>considerando</strong></span> <span class='ocrx_word' id='word_1_14' title='bbox 591 917 666 974; x_wconf 87' lang='lat' dir='ltr'><strong>saepe</strong></span> <span class='ocrx_word' id='word_1_15' title='bbox 688 894 776 954; x_wconf 87' lang='lat' dir='ltr'><strong>animi</strong></span> <span class='ocrx_word' id='word_1_16' title='bbox 797 895 827 951; x_wconf 91' lang='lat' dir='ltr'><strong>in</strong></span> <span class='ocrx_word' id='word_1_17' title='bbox 848 912 866 951; x_wconf 90' lang='lat' dir='ltr'><strong>c</strong></span> 
     </span>
     <span class='ocr_line' id='line_1_4' title="bbox 123 993 851 1052; baseline -0.005 0"><span class='ocrx_word' id='word_1_18' title='bbox 123 995 226 1052; x_wconf 86' lang='lat' dir='ltr'><strong>trarias</strong></span> <span class='ocrx_word' id='word_1_19' title='bbox 239 995 395 1052; x_wconf 88' lang='lat' dir='ltr'><strong>sententias</strong></span> <span class='ocrx_word' id='word_1_20' title='bbox 413 995 619 1052; x_wconf 88' lang='lat' dir='ltr'><strong>distrahuntur.</strong></span> <span class='ocrx_word' id='word_1_21' title='bbox 660 993 740 1050; x_wconf 90' lang='lat' dir='ltr'><strong>Tum</strong></span> <span class='ocrx_word' id='word_1_22' title='bbox 755 1001 851 1049; x_wconf 86' lang='lat' dir='ltr'><strong>autem</strong></span> 
     </span>
     <span class='ocr_line' id='line_1_5' title="bbox 125 1088 865 1166; baseline -0.003 -19"><span class='ocrx_word' id='word_1_23' title='bbox 125 1091 288 1166; x_wconf 81' lang='lat' dir='ltr'><strong>anquirunt,</strong></span> <span class='ocrx_word' id='word_1_24' title='bbox 305 1100 353 1148; x_wconf 90' lang='lat' dir='ltr'><strong>aut</strong></span> <span class='ocrx_word' id='word_1_25' title='bbox 367 1091 539 1162; x_wconf 82' lang='lat' dir='ltr'><strong>consultant,</strong></span> <span class='ocrx_word' id='word_1_26' title='bbox 552 1091 588 1147; x_wconf 92' lang='lat' dir='ltr'><strong>ad</strong></span> <span class='ocrx_word' id='word_1_27' title='bbox 599 1090 663 1147; x_wconf 86' lang='lat' dir='ltr'><strong>vitae</strong></span> <span class='ocrx_word' id='word_1_28' title='bbox 678 1088 865 1148; x_wconf 89' lang='lat' dir='ltr'><strong>commoditat</strong></span> 
     </span>
     <span class='ocr_line' id='line_1_6' title="bbox 91 1187 845 1264; baseline -0.005 -19"><span class='ocrx_word' id='word_1_29' title='bbox 91 1187 397 1264; x_wconf 87' lang='lat' dir='ltr'><strong>5jucunditate1nque‚</strong></span> <span class='ocrx_word' id='word_1_30' title='bbox 416 1187 451 1246; x_wconf 95' lang='lat' dir='ltr'><strong>ad</strong></span> <span class='ocrx_word' id='word_1_31' title='bbox 472 1187 623 1244; x_wconf 83' lang='lat' dir='ltr'><strong>facultates</strong></span> <span class='ocrx_word' id='word_1_32' title='bbox 643 1203 739 1244; x_wconf 88' lang='lat' dir='ltr'><strong>rerum</strong></span> <span class='ocrx_word' id='word_1_33' title='bbox 761 1194 845 1259; x_wconf 88' lang='lat' dir='ltr'><strong>atque</strong></span> 
     </span>
     <span class='ocr_line' id='line_1_7' title="bbox 122 1283 863 1360; baseline -0.004 -20"><span class='ocrx_word' id='word_1_34' title='bbox 122 1283 195 1360; x_wconf 90' lang='lat' dir='ltr'><strong>pias,</strong></span> <span class='ocrx_word' id='word_1_35' title='bbox 210 1283 245 1340; x_wconf 91' lang='lat' dir='ltr'><strong>ad</strong></span> <span class='ocrx_word' id='word_1_36' title='bbox 259 1303 337 1360; x_wconf 86' lang='lat' dir='ltr'><strong>opes,</strong></span> <span class='ocrx_word' id='word_1_37' title='bbox 353 1285 389 1341; x_wconf 90' lang='lat' dir='ltr'><strong>ad</strong></span> <span class='ocrx_word' id='word_1_38' title='bbox 409 1283 577 1360; x_wconf 88' lang='lat' dir='ltr'><strong>potentiam,</strong></span> <span class='ocrx_word' id='word_1_39' title='bbox 593 1283 697 1358; x_wconf 85' lang='lat' dir='ltr'><strong>quibus</strong></span> <span class='ocrx_word' id='word_1_40' title='bbox 711 1291 741 1338; x_wconf 91' lang='lat' dir='ltr'><strong>et</strong></span> <span class='ocrx_word' id='word_1_41' title='bbox 754 1300 785 1338; x_wconf 91' lang='lat' dir='ltr'><strong>se</strong></span> <span class='ocrx_word' id='word_1_42' title='bbox 802 1299 863 1357; x_wconf 84' lang='lat' dir='ltr'><strong>poss</strong></span> 
     </span>
     <span class='ocr_line' id='line_1_8' title="bbox 120 1377 844 1456; baseline -0.004 -20"><span class='ocrx_word' id='word_1_43' title='bbox 120 1379 230 1456; x_wconf 85' lang='lat' dir='ltr'><strong>juvare,</strong></span> <span class='ocrx_word' id='word_1_44' title='bbox 245 1390 275 1437; x_wconf 90' lang='lat' dir='ltr'><strong>et</strong></span> <span class='ocrx_word' id='word_1_45' title='bbox 294 1399 371 1452; x_wconf 89' lang='lat' dir='ltr'><strong>suos,</strong></span> <span class='ocrx_word' id='word_1_46' title='bbox 392 1380 536 1439; x_wconf 89' lang='lat' dir='ltr'><strong>conducat</strong></span> <span class='ocrx_word' id='word_1_47' title='bbox 556 1379 596 1451; x_wconf 91' lang='lat' dir='ltr'><strong>id,</strong></span> <span class='ocrx_word' id='word_1_48' title='bbox 612 1397 715 1450; x_wconf 90' lang='lat' dir='ltr'><strong>necne,</strong></span> <span class='ocrx_word' id='word_1_49' title='bbox 730 1377 767 1434; x_wconf 92' lang='lat' dir='ltr'><strong>de</strong></span> <span class='ocrx_word' id='word_1_50' title='bbox 787 1395 844 1452; x_wconf 92' lang='lat' dir='ltr'><strong>quo</strong></span> 
     </span>
     <span class='ocr_line' id='line_1_9' title="bbox 122 1473 861 1552; baseline -0.004 -19"><span class='ocrx_word' id='word_1_51' title='bbox 122 1475 262 1534; x_wconf 90' lang='lat' dir='ltr'><strong>liberant:</strong></span> <span class='ocrx_word' id='word_1_52' title='bbox 296 1495 358 1552; x_wconf 78' lang='lat' dir='ltr'><strong>quae</strong></span> <span class='ocrx_word' id='word_1_53' title='bbox 392 1476 559 1534; x_wconf 86' lang='lat' dir='ltr'><strong>deliberatio</strong></span> <span class='ocrx_word' id='word_1_54' title='bbox 591 1476 685 1534; x_wconf 75' lang='lat' dir='ltr'><strong>omnis</strong></span> <span class='ocrx_word' id='word_1_55' title='bbox 712 1474 742 1532; x_wconf 94' lang='lat' dir='ltr'><strong>in</strong></span> <span class='ocrx_word' id='word_1_56' title='bbox 769 1473 861 1531; x_wconf 88' lang='lat' dir='ltr'><strong>ration</strong></span> 
     </span>
     <span class='ocr_line' id='line_1_10' title="bbox 122 1571 860 1650; baseline -0.007 -21"><span class='ocrx_word' id='word_1_57' title='bbox 122 1571 255 1630; x_wconf 87' lang='lat' dir='ltr'><strong>utilitatis</strong></span> <span class='ocrx_word' id='word_1_58' title='bbox 277 1573 381 1650; x_wconf 50' lang='lat' dir='ltr'><strong>eadit„</strong></span> <span class='ocrx_word' id='word_1_59' title='bbox 403 1572 537 1630; x_wconf 89' lang='lat' dir='ltr'><strong>Tertium</strong></span> <span class='ocrx_word' id='word_1_60' title='bbox 562 1571 713 1630; x_wconf 90' lang='lat' dir='ltr'><strong>dubitandi</strong></span> <span class='ocrx_word' id='word_1_61' title='bbox 740 1589 831 1648; x_wconf 83' lang='lat' dir='ltr'><strong>genus</strong></span> <span class='ocrx_word' id='word_1_62' title='bbox 855 1590 860 1623; x_wconf 84' lang='lat' dir='ltr'><strong>t</strong></span> 
     </span>
    </p>

    <p class='ocr_par' dir='ltr' id='par_1_3' title="bbox 77 1665 859 1748">
     <span class='ocr_line' id='line_1_11' title="bbox 77 1665 859 1748; baseline -0.005 -21"><span class='ocrx_word' id='word_1_63' title='bbox 77 1678 107 1727; x_wconf 86' lang='lat'><strong>10</strong></span> <span class='ocrx_word' id='word_1_64' title='bbox 123 1688 189 1727; x_wconf 89' lang='lat' dir='ltr'><strong>cum</strong></span> <span class='ocrx_word' id='word_1_65' title='bbox 203 1688 332 1746; x_wconf 83' lang='lat' dir='ltr'><strong>pugnare</strong></span> <span class='ocrx_word' id='word_1_66' title='bbox 346 1668 458 1726; x_wconf 87' lang='lat' dir='ltr'><strong>videtur</strong></span> <span class='ocrx_word' id='word_1_67' title='bbox 473 1688 539 1748; x_wconf 86' lang='lat' dir='ltr'><strong>curn</strong></span> <span class='ocrx_word' id='word_1_68' title='bbox 554 1670 675 1726; x_wconf 90' lang='lat' dir='ltr'><strong>honesto</strong></span> <span class='ocrx_word' id='word_1_69' title='bbox 688 1667 728 1738; x_wconf 92' lang='lat' dir='ltr'><strong>id,</strong></span> <span class='ocrx_word' id='word_1_70' title='bbox 743 1667 819 1742; x_wconf 93' lang='lat' dir='ltr'><strong>quod</strong></span> <span class='ocrx_word' id='word_1_71' title='bbox 833 1665 859 1723; x_wconf 85' lang='lat' dir='ltr'><strong>vi</strong></span> 
     </span>
    </p>

    <p class='ocr_par' dir='ltr' id='par_1_4' title="bbox 87 1764 859 2130">
     <span class='ocr_line' id='line_1_12' title="bbox 87 1764 859 1839; baseline -0.004 -16"><span class='ocrx_word' id='word_1_72' title='bbox 87 1795 88 1798; x_wconf 37' lang='lat'>¹</span> <span class='ocrx_word' id='word_1_73' title='bbox 121 1775 168 1824; x_wconf 88' lang='lat' dir='ltr'><strong>tur</strong></span> <span class='ocrx_word' id='word_1_74' title='bbox 181 1785 244 1823; x_wconf 88' lang='lat' dir='ltr'><strong>esse</strong></span> <span class='ocrx_word' id='word_1_75' title='bbox 258 1765 337 1824; x_wconf 90' lang='lat' dir='ltr'><strong>utile.</strong></span> <span class='ocrx_word' id='word_1_76' title='bbox 378 1765 454 1822; x_wconf 88' lang='lat' dir='ltr'><strong>Cum</strong></span> <span class='ocrx_word' id='word_1_77' title='bbox 470 1765 548 1821; x_wconf 91' lang='lat' dir='ltr'><strong>enim</strong></span> <span class='ocrx_word' id='word_1_78' title='bbox 569 1765 678 1822; x_wconf 85' lang='lat' dir='ltr'><strong>utilitas</strong></span> <span class='ocrx_word' id='word_1_79' title='bbox 693 1764 728 1821; x_wconf 93' lang='lat' dir='ltr'><strong>ad</strong></span> <span class='ocrx_word' id='word_1_80' title='bbox 748 1782 779 1820; x_wconf 87' lang='lat' dir='ltr'><strong>se</strong></span> <span class='ocrx_word' id='word_1_81' title='bbox 798 1781 859 1839; x_wconf 73' lang='lat' dir='ltr'><strong>rapt</strong></span> 
     </span>
     <span class='ocr_line' id='line_1_13' title="bbox 121 1859 855 1931; baseline -0.004 -12"><span class='ocrx_word' id='word_1_82' title='bbox 121 1861 255 1919; x_wconf 89' lang='lat' dir='ltr'><strong>honestas</strong></span> <span class='ocrx_word' id='word_1_83' title='bbox 280 1872 379 1919; x_wconf 89' lang='lat' dir='ltr'><strong>contra</strong></span> <span class='ocrx_word' id='word_1_84' title='bbox 399 1880 533 1919; x_wconf 86' lang='lat' dir='ltr'><strong>revocare</strong></span> <span class='ocrx_word' id='word_1_85' title='bbox 555 1862 590 1918; x_wconf 94' lang='lat' dir='ltr'><strong>ad</strong></span> <span class='ocrx_word' id='word_1_86' title='bbox 612 1880 643 1918; x_wconf 87' lang='lat' dir='ltr'><strong>se</strong></span> <span class='ocrx_word' id='word_1_87' title='bbox 663 1861 792 1930; x_wconf 88' lang='lat' dir='ltr'><strong>videtur;</strong></span> <span class='ocrx_word' id='word_1_88' title='bbox 814 1859 855 1931; x_wconf 90' lang='lat' dir='ltr'><strong>fit,</strong></span> 
     </span>
     <span class='ocr_line' id='line_1_14' title="bbox 121 1956 857 2031; baseline -0.001 -17"><span class='ocrx_word' id='word_1_89' title='bbox 121 1956 292 2014; x_wconf 85' lang='lat' dir='ltr'><strong>distrahatur</strong></span> <span class='ocrx_word' id='word_1_90' title='bbox 311 1957 497 2015; x_wconf 90' lang='lat' dir='ltr'><strong>deliberando</strong></span> <span class='ocrx_word' id='word_1_91' title='bbox 518 1958 639 2029; x_wconf 89' lang='lat' dir='ltr'><strong>animus,</strong></span> <span class='ocrx_word' id='word_1_92' title='bbox 656 1957 809 2031; x_wconf 85' lang='lat' dir='ltr'><strong>afferatque</strong></span> <span class='ocrx_word' id='word_1_93' title='bbox 831 1975 857 2013; x_wconf 87' lang='lat' dir='ltr'><strong>ar</strong></span> 
     </span>
     <span class='ocr_line' id='line_1_15' title="bbox 119 2053 489 2130; baseline 0.003 -20"><span class='ocrx_word' id='word_1_94' title='bbox 119 2053 208 2129; x_wconf 87' lang='lat' dir='ltr'><strong>pitem</strong></span> <span class='ocrx_word' id='word_1_95' title='bbox 222 2073 320 2110; x_wconf 88' lang='lat' dir='ltr'><strong>curam</strong></span> <span class='ocrx_word' id='word_1_96' title='bbox 335 2053 489 2130; x_wconf 84' lang='lat' dir='ltr'><strong>cogitandi.</strong></span> 
     </span>
    </p>

    <p class='ocr_par' dir='ltr' id='par_1_5' title="bbox 74 2147 855 2612">
     <span class='ocr_line' id='line_1_16' title="bbox 74 2147 855 2228; baseline 0.001 -26"><span class='ocrx_word' id='word_1_97' title='bbox 74 2153 105 2202; x_wconf 85' lang='lat'><strong>15</strong></span> <span class='ocrx_word' id='word_1_98' title='bbox 160 2148 226 2206; x_wconf 89' lang='lat' dir='ltr'><strong>Hac</strong></span> <span class='ocrx_word' id='word_1_99' title='bbox 248 2150 397 2220; x_wconf 90' lang='lat' dir='ltr'><strong>divisione,</strong></span> <span class='ocrx_word' id='word_1_100' title='bbox 420 2150 501 2228; x_wconf 84' lang='lat' dir='ltr'><strong>(cum</strong></span> <span class='ocrx_word' id='word_1_101' title='bbox 523 2149 669 2226; x_wconf 87' lang='lat' dir='ltr'><strong>praeterire</strong></span> <span class='ocrx_word' id='word_1_102' title='bbox 690 2147 797 2221; x_wconf 88' lang='lat' dir='ltr'><strong>aliquid</strong></span> <span class='ocrx_word' id='word_1_103' title='bbox 819 2166 855 2204; x_wconf 82' lang='lat' dir='ltr'><strong>nu</strong></span> 
     </span>
     <span class='ocr_line' id='line_1_17' title="bbox 120 2245 855 2325; baseline -0.001 -23"><span class='ocrx_word' id='word_1_104' title='bbox 120 2265 198 2303; x_wconf 89' lang='lat' dir='ltr'><strong>mum</strong></span> <span class='ocrx_word' id='word_1_105' title='bbox 218 2246 317 2303; x_wconf 88' lang='lat' dir='ltr'><strong>vitium</strong></span> <span class='ocrx_word' id='word_1_106' title='bbox 339 2247 368 2303; x_wconf 92' lang='lat' dir='ltr'><strong>in</strong></span> <span class='ocrx_word' id='word_1_107' title='bbox 390 2247 544 2304; x_wconf 88' lang='lat' dir='ltr'><strong>dividendo</strong></span> <span class='ocrx_word' id='word_1_108' title='bbox 565 2248 615 2325; x_wconf 91' lang='lat' dir='ltr'><strong>sit)</strong></span> <span class='ocrx_word' id='word_1_109' title='bbox 638 2246 694 2302; x_wconf 93' lang='lat' dir='ltr'><strong>duo</strong></span> <span class='ocrx_word' id='word_1_110' title='bbox 717 2245 855 2320; x_wconf 85' lang='lat' dir='ltr'><strong>praetermi</strong></span> 
     </span>
     <span class='ocr_line' id='line_1_18' title="bbox 119 2341 841 2415; baseline 0 -17"><span class='ocrx_word' id='word_1_111' title='bbox 119 2351 194 2399; x_wconf 86' lang='lat' dir='ltr'><strong>sunt.</strong></span> <span class='ocrx_word' id='word_1_112' title='bbox 236 2342 303 2400; x_wconf 89' lang='lat' dir='ltr'><strong>Nec</strong></span> <span class='ocrx_word' id='word_1_113' title='bbox 331 2343 408 2400; x_wconf 91' lang='lat' dir='ltr'><strong>euim</strong></span> <span class='ocrx_word' id='word_1_114' title='bbox 436 2343 537 2415; x_wconf 89' lang='lat' dir='ltr'><strong>solum,</strong></span> <span class='ocrx_word' id='word_1_115' title='bbox 566 2352 661 2399; x_wconf 89' lang='lat' dir='ltr'><strong>utrum</strong></span> <span class='ocrx_word' id='word_1_116' title='bbox 688 2341 841 2399; x_wconf 91' lang='lat' dir='ltr'><strong>honestum</strong></span> 
     </span>
     <span class='ocr_line' id='line_1_19' title="bbox 119 2437 853 2516; baseline -0.003 -20"><span class='ocrx_word' id='word_1_117' title='bbox 119 2450 201 2516; x_wconf 88' lang='lat' dir='ltr'><strong>turpe</strong></span> <span class='ocrx_word' id='word_1_118' title='bbox 215 2438 261 2510; x_wconf 90' lang='lat' dir='ltr'><strong>sit,</strong></span> <span class='ocrx_word' id='word_1_119' title='bbox 278 2440 429 2497; x_wconf 89' lang='lat' dir='ltr'><strong>deliberari</strong></span> <span class='ocrx_word' id='word_1_120' title='bbox 444 2440 526 2510; x_wconf 88' lang='lat' dir='ltr'><strong>solet,</strong></span> <span class='ocrx_word' id='word_1_121' title='bbox 542 2439 592 2496; x_wconf 90' lang='lat' dir='ltr'><strong>sed</strong></span> <span class='ocrx_word' id='word_1_122' title='bbox 607 2438 703 2508; x_wconf 89' lang='lat' dir='ltr'><strong>etiam,</strong></span> <span class='ocrx_word' id='word_1_123' title='bbox 720 2437 853 2514; x_wconf 73' lang='lat' dir='ltr'><strong>duobus}</strong></span> 
     </span>
     <span class='ocr_line' id='line_1_20' title="bbox 118 2534 852 2612; baseline -0.004 -20"><span class='ocrx_word' id='word_1_124' title='bbox 118 2536 219 2612; x_wconf 89' lang='lat' dir='ltr'><strong>positis</strong></span> <span class='ocrx_word' id='word_1_125' title='bbox 239 2535 374 2608; x_wconf 62' lang='lat' dir='ltr'><strong>honestis</strong></span> <span class='ocrx_word' id='word_1_126' title='bbox 391 2546 485 2593; x_wconf 87' lang='lat' dir='ltr'><strong>utrum</strong></span> <span class='ocrx_word' id='word_1_127' title='bbox 500 2535 664 2604; x_wconf 82' lang='lat' dir='ltr'><strong>honestius3</strong></span> <span class='ocrx_word' id='word_1_128' title='bbox 686 2535 821 2608; x_wconf 85' lang='lat' dir='ltr'><strong>itemque,</strong></span> <span class='ocrx_word' id='word_1_129' title='bbox 838 2534 852 2589; x_wconf 93' lang='lat' dir='ltr'><strong>d</strong></span> 
     </span>
    </p>

    <p class='ocr_par' dir='ltr' id='par_1_6' title="bbox 71 2629 851 3092">
     <span class='ocr_line' id='line_1_21' title="bbox 71 2629 851 2708; baseline -0.01 -16"><span class='ocrx_word' id='word_1_130' title='bbox 71 2643 103 2694; x_wconf 79' lang='lat'><strong>20</strong></span> <span class='ocrx_word' id='word_1_131' title='bbox 120 2633 172 2689; x_wconf 90' lang='lat' dir='ltr'><strong>bus</strong></span> <span class='ocrx_word' id='word_1_132' title='bbox 192 2633 343 2708; x_wconf 89' lang='lat' dir='ltr'><strong>propositis</strong></span> <span class='ocrx_word' id='word_1_133' title='bbox 358 2633 484 2702; x_wconf 92' lang='lat' dir='ltr'><strong>utilibus,</strong></span> <span class='ocrx_word' id='word_1_134' title='bbox 497 2643 591 2689; x_wconf 87' lang='lat' dir='ltr'><strong>utrum</strong></span> <span class='ocrx_word' id='word_1_135' title='bbox 606 2630 712 2687; x_wconf 91' lang='lat' dir='ltr'><strong>utilius.</strong></span> <span class='ocrx_word' id='word_1_136' title='bbox 753 2629 807 2698; x_wconf 89' lang='lat' dir='ltr'><strong>Ita,</strong></span> <span class='ocrx_word' id='word_1_137' title='bbox 820 2648 851 2702; x_wconf 93' lang='lat' dir='ltr'><strong>qu</strong></span> 
     </span>
     <span class='ocr_line' id='line_1_22' title="bbox 129 2724 847 2805; baseline -0.008 -19"><span class='ocrx_word' id='word_1_138' title='bbox 129 2728 166 2786; x_wconf 87' lang='lat' dir='ltr'><strong>lle</strong></span> <span class='ocrx_word' id='word_1_139' title='bbox 188 2728 328 2805; x_wconf 85' lang='lat' dir='ltr'><strong>triplicem</strong></span> <span class='ocrx_word' id='word_1_140' title='bbox 352 2729 461 2805; x_wconf 89' lang='lat' dir='ltr'><strong>putavit</strong></span> <span class='ocrx_word' id='word_1_141' title='bbox 481 2747 544 2785; x_wconf 88' lang='lat' dir='ltr'><strong>esse</strong></span> <span class='ocrx_word' id='word_1_142' title='bbox 565 2726 713 2795; x_wconf 89' lang='lat' dir='ltr'><strong>rationem,</strong></span> <span class='ocrx_word' id='word_1_143' title='bbox 730 2725 758 2781; x_wconf 91' lang='lat' dir='ltr'><strong>in</strong></span> <span class='ocrx_word' id='word_1_144' title='bbox 780 2724 847 2799; x_wconf 94' lang='lat' dir='ltr'><strong>quin</strong></span> 
     </span>
     <span class='ocr_line' id='line_1_23' title="bbox 117 2820 850 2903; baseline -0.01 -20"><span class='ocrx_word' id='word_1_145' title='bbox 117 2836 212 2903; x_wconf 88' lang='lat' dir='ltr'><strong>partes</strong></span> <span class='ocrx_word' id='word_1_146' title='bbox 227 2825 356 2897; x_wconf 86' lang='lat' dir='ltr'><strong>distribui</strong></span> <span class='ocrx_word' id='word_1_147' title='bbox 367 2826 472 2881; x_wconf 86' lang='lat' dir='ltr'><strong>debere</strong></span> <span class='ocrx_word' id='word_1_148' title='bbox 486 2823 633 2898; x_wconf 90' lang='lat' dir='ltr'><strong>reperitur.</strong></span> <span class='ocrx_word' id='word_1_149' title='bbox 674 2821 803 2878; x_wconf 87' lang='lat' dir='ltr'><strong>Primum</strong></span> <span class='ocrx_word' id='word_1_150' title='bbox 819 2820 850 2897; x_wconf 82' lang='lat' dir='ltr'><strong>ig:</strong></span> 
     </span>
     <span class='ocr_line' id='line_1_24' title="bbox 118 2917 849 2994; baseline -0.005 -16"><span class='ocrx_word' id='word_1_151' title='bbox 118 2932 161 2978; x_wconf 89' lang='lat' dir='ltr'><strong>est</strong></span> <span class='ocrx_word' id='word_1_152' title='bbox 181 2923 217 2977; x_wconf 92' lang='lat' dir='ltr'><strong>de</strong></span> <span class='ocrx_word' id='word_1_153' title='bbox 237 2923 365 2989; x_wconf 93' lang='lat' dir='ltr'><strong>honesto,</strong></span> <span class='ocrx_word' id='word_1_154' title='bbox 380 2921 430 2976; x_wconf 91' lang='lat' dir='ltr'><strong>sed</strong></span> <span class='ocrx_word' id='word_1_155' title='bbox 451 2919 613 2994; x_wconf 86' lang='lat' dir='ltr'><strong>dupliciter,</strong></span> <span class='ocrx_word' id='word_1_156' title='bbox 627 2927 688 2974; x_wconf 90' lang='lat' dir='ltr'><strong>tum</strong></span> <span class='ocrx_word' id='word_1_157' title='bbox 708 2917 770 2993; x_wconf 87' lang='lat' dir='ltr'><strong>pari</strong></span> <span class='ocrx_word' id='word_1_158' title='bbox 794 2917 849 2974; x_wconf 48' lang='lat' dir='ltr'><strong>rati¹</strong></span> 
     </span>
     <span class='ocr_line' id='line_1_25' title="bbox 118 3013 848 3092; baseline -0.001 -20"><span class='ocrx_word' id='word_1_159' title='bbox 118 3016 153 3072; x_wconf 90' lang='lat' dir='ltr'><strong>de</strong></span> <span class='ocrx_word' id='word_1_160' title='bbox 177 3017 250 3088; x_wconf 91' lang='lat' dir='ltr'><strong>utili,</strong></span> <span class='ocrx_word' id='word_1_161' title='bbox 266 3027 328 3092; x_wconf 89' lang='lat' dir='ltr'><strong>post</strong></span> <span class='ocrx_word' id='word_1_162' title='bbox 349 3016 385 3072; x_wconf 90' lang='lat' dir='ltr'><strong>de</strong></span> <span class='ocrx_word' id='word_1_163' title='bbox 406 3015 619 3090; x_wconf 87' lang='lat' dir='ltr'><strong>comparatione</strong></span> <span class='ocrx_word' id='word_1_164' title='bbox 640 3013 848 3084; x_wconf 85' lang='lat' dir='ltr'><strong>eorum,disse1</strong></span> 
     </span>
    </p>

    <p class='ocr_par' dir='ltr' id='par_1_7' title="bbox 69 3112 193 3169">
     <span class='ocr_line' id='line_1_26' title="bbox 69 3112 193 3169; baseline 0 0"><span class='ocrx_word' id='word_1_165' title='bbox 69 3121 100 3169; x_wconf 81' lang='lat'><strong>25</strong></span> <span class='ocrx_word' id='word_1_166' title='bbox 117 3112 193 3169; x_wconf 87' lang='lat' dir='ltr'><strong>dum.</strong></span> 
     </span>
    </p>
   </div>
   <div class='ocr_carea' id='block_1_3' title="bbox 93 3301 846 3479">
    <p class='ocr_par' dir='ltr' id='par_1_8' title="bbox 93 3301 846 3479">
     <span class='ocr_line' id='line_1_27' title="bbox 153 3301 846 3382; baseline 0 -23"><span class='ocrx_word' id='word_1_167' title='bbox 153 3303 207 3362; x_wconf 85' lang='lat' dir='ltr'><strong>JV.</strong></span> <span class='ocrx_word' id='word_1_168' title='bbox 229 3305 384 3382; x_wconf 87' lang='lat' dir='ltr'><strong>Principio,</strong></span> <span class='ocrx_word' id='word_1_169' title='bbox 398 3303 498 3382; x_wconf 83' lang='lat' dir='ltr'><strong>generi</strong></span> <span class='ocrx_word' id='word_1_170' title='bbox 520 3301 708 3360; x_wconf 88' lang='lat' dir='ltr'><strong>animantium</strong></span> <span class='ocrx_word' id='word_1_171' title='bbox 728 3302 806 3361; x_wconf 90' lang='lat' dir='ltr'><strong>omni</strong></span> <span class='ocrx_word' id='word_1_172' title='bbox 824 3322 846 3360; x_wconf 75' lang='lat' dir='ltr'><strong>er</strong></span> 
     </span>
     <span class='ocr_line' id='line_1_28' title="bbox 93 3400 845 3479; baseline 0.013 -29"><span class='ocrx_word' id='word_1_173' title='bbox 93 3401 205 3455; x_wconf 64' lang='lat' dir='ltr'><strong>naute</strong></span> <span class='ocrx_word' id='word_1_174' title='bbox 220 3402 377 3476; x_wconf 85' lang='lat' dir='ltr'><strong>tributum,</strong></span> <span class='ocrx_word' id='word_1_175' title='bbox 392 3412 426 3462; x_wconf 93' lang='lat' dir='ltr'><strong>ut</strong></span> <span class='ocrx_word' id='word_1_176' title='bbox 439 3420 482 3475; x_wconf 84' lang='lat' dir='ltr'><strong>ee,</strong></span> <span class='ocrx_word' id='word_1_177' title='bbox 495 3400 596 3475; x_wconf 81' lang='lat' dir='ltr'><strong>vitam,</strong></span> <span class='ocrx_word' id='word_1_178' title='bbox 604 3418 764 3479; x_wconf 72' lang='lat' dir='ltr'><strong>corpusque</strong></span> <span class='ocrx_word' id='word_1_179' title='bbox 777 3410 845 3460; x_wconf 82' lang='lat' dir='ltr'><strong>tuea</strong></span> 
     </span>
    </p>
   </div>
   <div class='ocr_carea' id='block_1_4' title="bbox 0 0 956 3750">
    <p class='ocr_par' dir='ltr' id='par_1_9' title="bbox 0 0 956 3750">
     <span class='ocr_line' id='line_1_29' title="bbox 0 0 956 3750; baseline 0 6"><span class='ocrx_word' id='word_1_180' title='bbox 0 0 956 3750; x_wconf 95' lang='lat' dir='ltr'><strong> </strong></span> 
     </span>
    </p>
   </div>
  </div>
 </body>
</html>
