1904 3750
81 184 139 245 152
414 193 457 239 nn
479 193 624 239 osricus.
821 190 916 252 [um

163 341 289 415 Deinde,
313 342 362 417 qui
391 343 511 402 alterum
538 343 636 415 violat,
657 352 689 399 ut
717 342 778 418 ipse
806 340 915 416 aliquid

124 439 271 498 commodi
304 450 507 516 consequatur,
537 451 586 497 cut
612 439 685 497 nihil
712 456 744 496 se
770 438 915 496 existimat

124 545 225 594 contra
250 545 382 594 naturum
409 536 516 608 facere,
545 545 594 593 cut
620 534 712 612 magis
746 534 915 612 fugiendam

123 641 222 689 censet
243 642 374 704 mortem,
395 641 603 707 paupertatem,
625 631 764 702 dolorem,
786 630 917 688 omissio-

93 735 110 784 5
123 746 189 786 nem
204 728 291 786 ctiam
309 728 476 800 liberorum,
491 728 728 804 propinquorum,
744 727 914 800 amicorum,

122 842 208 899 quam
230 825 326 883 facere
346 825 473 900 cuipiam
494 823 636 901 injuriam.
678 823 710 881 Si
725 823 797 880 nihil
819 823 916 880 existi·

123 929 182 978 mut
203 932 306 979 contro
325 932 458 979 naturum
485 920 547 978 fieri
573 919 741 978 hominibus
762 920 914 991 violandis,

123 1017 193 1093 quid
221 1037 288 1075 cum
315 1037 351 1075 co
379 1019 513 1090 disseras,
538 1018 593 1093 ¹qui
620 1018 740 1075 omnino
766 1017 915 1075 hominem

122 1133 160 1172 cx
179 1113 297 1172 homine
317 1115 419 1172 tolluti
473 1115 525 1172 Sin
554 1114 723 1191 fugiendum
744 1114 774 1172 id
797 1114 915 1189 quidem

79 1219 110 1269 10
124 1220 233 1280 censet,
248 1211 298 1267 sed
314 1220 342 1267 et
356 1209 447 1267 multo
460 1209 511 1267 illu
525 1210 633 1286 pejoru,
648 1220 780 1282 mortem,
795 1229 915 1285 pauper·

123 1317 221 1378 tutem,
242 1306 387 1375 dolorem;
416 1316 491 1363 errat
519 1305 549 1362 in
576 1324 622 1377 co,
643 1307 721 1381 quod
747 1307 838 1364 ulium
865 1316 914 1364 sut

124 1403 253 1478 corporis
275 1413 323 1460 aut
343 1401 464 1460 fortunae
485 1402 585 1461 vitium
601 1403 689 1460 animi
703 1403 780 1460 vitiis
799 1403 915 1480 gravius

123 1499 274 1558 existimat

161 1691 214 1751 VI.
238 1693 318 1772 Ergo
339 1715 428 1753 unum
450 1695 536 1754 debet
556 1716 620 1755 esse
640 1695 775 1753 omnibus
789 1695 915 1771 proposi·

77 1797 108 1844 15
123 1799 193 1862 tum,
209 1801 240 1848 ut
261 1792 361 1849 eadem
384 1794 420 1850 sit
441 1794 549 1851 utilitas
570 1793 795 1869 uniuscujusque
809 1806 837 1849 et
853 1793 914 1849 uni·

122 1905 286 1958 versorum
308 1907 393 1963 quam
415 1889 439 1946 si
462 1890 496 1947 ad
511 1909 542 1946 se
556 1890 676 1965 quisque
697 1889 798 1964 rapiat,
813 1889 914 1945 dissol-

123 1994 204 2040 vetur
219 1982 312 2042 omnis
326 1985 452 2042 humana
466 1985 622 2043 consortio.
665 1987 772 2061 Atque,
787 1986 811 2042 si
826 1986 913 2042 etiam

123 2080 180 2137 hoc
194 2091 298 2138 natura
316 2083 487 2157 prescribit,
503 2092 534 2140 ut
548 2083 635 2140 homo
649 2083 769 2154 homini,
785 2084 914 2157 quicum·

122 2196 178 2251 que
193 2178 239 2249 sit,
254 2179 369 2235 obeam
384 2178 474 2253 ipsam
492 2199 620 2250 causam,
633 2179 710 2255 quod
726 2179 750 2236 is
765 2179 851 2235 homo
866 2179 912 2250 sit,

75 2288 107 2337 20
122 2273 283 2331 consultum
298 2275 381 2344 velit3
403 2294 523 2331 necesse
542 2284 595 2346 est,
610 2274 770 2331 secundum
791 2275 914 2331 eundern

121 2380 262 2442 naturum,
290 2371 419 2428 omnium
449 2371 600 2428 utilitatem
626 2389 690 2428 esse
720 2389 912 2428 communem.

120 2466 210 2527 Quod
224 2467 248 2523 si
264 2467 304 2524 ita
317 2478 370 2538 est,
382 2468 440 2524 unu
455 2468 639 2525 continemur
651 2486 753 2525 omnes
766 2476 796 2523 et
810 2467 913 2523 eidem

122 2563 186 2638 lege
200 2572 326 2619 naturae:
349 2563 435 2637 idque
450 2563 542 2639 ipsum
558 2564 582 2620 si
597 2564 637 2622 itu
649 2574 702 2635 est,
715 2574 794 2621 certe
805 2563 913 2620 violare

116 2659 242 2716 ‚alterurn
257 2659 321 2736 lege
336 2670 444 2717 nuturae
458 2661 651 2735 prohibemur.
693 2661 803 2717 Verum
816 2671 913 2718 autem

73 2755 107 2805 25
120 2754 262 2828 primum:
283 2773 380 2812 verum
397 2755 484 2832 igitur
499 2766 528 2813 et
541 2766 709 2813 extremum.
751 2755 780 2812 N
784 2775 829 2813 am
841 2756 912 2814 illud

109 2850 232 2920 quidem
256 2851 414 2910 absurdum
434 2863 487 2924 est,
502 2853 579 2930 quod
599 2852 715 2929 quidam
736 2852 848 2926 dicunt,
865 2873 914 2930 ps·

94 2945 231 3006 remise
248 2960 300 3010 aut
316 2951 401 3013 fratri
415 2951 491 3012 nihii
505 2951 697 3025 detracturos,
707 2951 852 3010 commodi
867 2950 912 3008 sui

126 3226 158 3252 A
