1934 3398
65 224 106 285 22
400 233 444 281 mr
462 235 607 282 cuncus.
827 237 865 297 [u.
876 239 894 286 1.

111 381 235 451 tinetur;
257 380 351 453 facile,
365 382 444 456 quod
456 383 593 459 cujusque
613 383 750 459 temporis
769 382 896 441 officium

111 477 158 548 sit,
172 477 330 551 poterimus
345 476 416 554 (nisi
429 480 620 554 nosmetipsos
630 479 712 536 valde
724 479 894 558 amabimus)

108 573 248 650 judicare.
291 573 346 632 Est
361 575 439 631 enirn
460 575 585 632 difficilis
600 594 670 633 cura
682 595 778 633 rerum
792 576 897 634 aliena·

111 688 191 739 rum3
212 689 374 745 quanquam
388 669 584 728 Terentianus
598 671 645 729 ille
664 671 805 730 Chremes
819 679 837 706 “
847 673 898 730 hu·

80 778 97 828 5
112 766 191 824 mani
204 766 275 824 nihil
289 785 345 824 ase
358 766 482 824 alienum
492 769 601 843 putat.”
644 768 702 825 Sed
714 778 820 842 tamen,
831 770 900 845 quia

111 863 203 940 magis
217 882 251 920 ea
264 863 439 938 percipimus
462 874 546 940 atque
568 865 717 937 sentimus,
732 885 794 939 quae
813 867 898 924 nobis

111 959 181 1034 ipsis
203 970 251 1017 aut
272 979 409 1035 prospera
431 972 480 1019 aut
506 961 623 1020 adversa
644 963 789 1034 eveniunt,
812 983 898 1038 quam

112 1054 170 1127 illa,
186 1074 249 1130 quae
271 1056 383 1113 caeteris
398 1055 485 1133 (quar,
500 1058 582 1132 quasi
594 1059 681 1136 longo
695 1059 843 1117 intervallo
856 1060 899 1117 in·

112 1152 241 1227 terjectc,
261 1152 421 1231 videmus);
444 1153 525 1210 aliter
549 1154 585 1211 de
607 1155 673 1227 illis,
689 1174 723 1212 ac
746 1155 782 1210 de
802 1155 896 1227 nobis,

66 1273 97 1324 10
109 1248 280 1324 judicamus
321 1248 472 1310 Quocirca
492 1249 566 1306 bene
586 1251 765 1325 praecipiunt,
782 1249 831 1324 qui
851 1267 897 1306 ve-

112 1354 173 1403 tant
193 1345 347 1420 quidquam
368 1362 464 1420 agere,
485 1345 571 1419 quod,
586 1345 709 1415 dubites,
725 1363 837 1419 aequum
859 1345 896 1401 sit

112 1460 148 1498 an
168 1441 305 1518 iniquum.
347 1440 480 1515 AEquitas
500 1440 578 1497 enirn
598 1441 675 1499 lucet
696 1441 827 1517 ipseper
847 1459 895 1499 se:

111 1536 253 1596 dubitatio
267 1536 474 1615 cogitationem
488 1537 631 1615 significat
644 1537 763 1615 injuriae.

150 1731 189 1789 X.
212 1732 270 1790 Sed
291 1732 424 1791 incidunt
443 1751 519 1809 saepe
539 1741 678 1806 tempora,
694 1729 760 1788 o'um
774 1750 818 1803 ea,
833 1750 896 1806 quae

66 1851 97 1900 15
111 1828 235 1885 maxime
249 1829 379 1887 videntur
394 1829 483 1906 digua
500 1847 563 1886 esse
573 1828 651 1904 justo
665 1827 792 1900 homine,
807 1847 897 1904 eoque

111 1943 195 1998 quem
210 1924 301 1982 virum
316 1926 424 1982 bonnm
438 1925 571 1996 dicimus,
584 1933 805 1997 commutantur,
814 1925 899 1983 fiunt-

111 2038 166 2094 que
181 2021 340 2078 contraria:
362 2030 394 2078 ut
408 2021 527 2078 reddere
542 2020 713 2096 depositum,
727 2022 898 2098 promissum

111 2116 217 2188 facere,
227 2135 346 2192 quaeque
356 2118 502 2193 pertinent
513 2118 548 2174 ad
556 2118 705 2175 veritatem
715 2128 744 2175 et
755 2118 789 2175 ad
800 2119 897 2190 fidem,

87 2248 90 2254 ·
110 2232 147 2271 ea
159 2215 283 2291 migrare
304 2213 457 2286 interdum,
472 2225 501 2272 et
515 2233 574 2271 uon
588 2232 710 2285 servare,
726 2215 762 2271 sit
778 2214 895 2288 justum.

65 2323 102 2374 20·
111 2309 229 2369 Referri
249 2309 327 2366 enim
342 2309 427 2367 decet
443 2311 479 2367 ad
493 2329 536 2382 ea,
551 2329 614 2385 quae
626 2309 763 2384 proposui
777 2309 806 2364 in
820 2309 897 2384 prin-

111 2406 198 2482 cipio,
221 2406 408 2463 fundamenta
425 2407 558 2482 justitie:
585 2405 718 2482 primum,
739 2413 771 2461 ut
790 2423 828 2461 ne
848 2404 896 2461 cui

111 2502 404 2574 noceatu13deinde,
431 2512 463 2560 nt
484 2501 630 2559 communi
653 2500 769 2558 utilitati
795 2501 898 2558 servia·

111 2609 165 2656 tur.
200 2598 321 2657 Eccum
333 2607 463 2673 tempora
473 2608 694 2668 commutantur,
705 2606 896 2653 commutatur

87 2720 92 2730 ·
111 2694 249 2766 officium,
264 2703 292 2750 et
312 2711 372 2750 non
393 2711 503 2768 semper
522 2703 566 2750 est
582 2693 666 2750 idem.
707 2692 805 2749 Potest
818 2692 896 2749 enim

65 2805 98 2856 25
113 2789 246 2847 accidere
265 2789 437 2865 promissum
452 2789 566 2864 aliquod
580 2799 609 2846 et
622 2797 806 2859 conventum,
820 2797 853 2843 ut
867 2787 896 2844 id

110 2885 189 2947 ,effici
208 2886 246 2943 sit
266 2886 368 2944 inutile
381 2884 426 2942 vel
447 2884 475 2942 ei
496 2885 544 2957 cui
563 2884 735 2962 promissum
749 2885 796 2956 sit,
811 2884 854 2941 vel
869 2884 897 2942 ei

111 2981 163 3061 qui
181 2982 354 3060 promiserit.
394 2979 425 3041 N
427 2999 474 3041 am
486 2980 511 3040 si
526 2979 572 3060 (ut
585 2981 615 3042 in
629 2979 734 3040 sabulis
747 2982 804 3062 est)
819 2980 848 3040 N
851 2998 898 3058 ep·
