1904 3750
70 623 111 684 Β
287 605 289 609 ⁴
409 628 454 682 aa·
470 631 615 682 omem.
833 634 865 696 [ι

160 787 226 858 [ff
242 783 336 862 (Qua
362 784 409 842 bic
436 792 591 862 sequuntur
616 783 732 842 Italicis
760 782 865 840 literam

111 880 218 958 formis
232 901 371 958 cupressu,
382 882 414 939 in
421 882 526 958 paucis
540 881 728 940 tantummode
743 879 808 938 MS.
821 899 865 939 une

113 979 247 1054 pleribus
269 987 446 1055 comparentc
466 986 494 1038 ct
507 997 526 1036 a
540 978 700 1036 criticorum
712 979 853 1056 plerisque

113 1075 242 1151 pudiatu
254 1084 331 1148 sunt,
345 1083 379 1132 ut
391 1075 556 1134 adulterina
568 1083 596 1133 et
608 1074 761 1155 insiticia)

88 1270 104 1318 5
162 1264 305 1342 [Secunde
318 1276 409 1325 autem
427 1268 542 1325 Punico
556 1267 634 1340 bella,
643 1274 712 1344 post
735 1265 864 1326 Cannens

108 1376 257 1440 pugnum
267 1382 334 1440 quas
348 1364 438 1422 decem
452 1363 608 1422 Hannibal
619 1363 740 1423 Romam
753 1364 865 1422 adstric

119 1459 199 1516 misit
211 1457 404 1534 jurq'urandc
424 1476 453 1516 se
472 1459 612 1517 redituros
626 1479 691 1530 esse,
705 1459 772 1530 nisi,
787 1459 820 1517 dc
834 1479 865 1519 rc

121 1551 226 1609 mendis
241 1552 278 1608 iis
292 1552 342 1628 qui
355 1552 434 1627 capti
454 1560 545 1623 erant,
560 1551 774 1628 impetrassentr
795 1570 838 1609 cos
853 1571 865 1608 a

120 1666 167 1706 nes
195 1668 329 1720 censores,
357 1647 453 1724 quoad
485 1649 601 1724 quisque
628 1668 720 1706 earum
747 1649 828 1720 uiuit,
856 1667 865 1724 q

74 1752 105 1802 10
114 1742 301 1821 pejercissent,
325 1744 357 1801 in
383 1744 496 1800 crariis
524 1744 711 1820 reliqueruntc
741 1763 790 1802 nec
815 1745 865 1801 min

119 1839 207 1908 illum,
224 1839 274 1913 qui
285 1836 486 1913 jurisjurandi
493 1836 605 1914 frande
624 1839 733 1914 culpam
750 1839 865 1896 inuam

122 1933 192 1990 Oura
201 1934 281 2004 enim,
291 1932 470 1991 Hannibalis
476 1934 626 2012 permissu,
636 1935 736 1992 exisset
747 1933 780 1992 de
791 1943 866 1993 castr

120 2029 207 2087 rediit
216 2030 391 2108 paulopost,
407 2030 483 2107 quod
501 2051 529 2089 se
549 2031 663 2089 oblitum
677 2031 768 2089 nescio
782 2031 866 2108 qnid«

121 2134 200 2183 aeret.
242 2126 357 2201 Deinde
376 2146 504 2202 egressus
521 2148 535 2187 c
551 2125 863 2202 castris,jurejnrnnda

75 2231 105 2281 15
120 2223 239 2281 salutum
260 2224 405 2300 putabat:
427 2233 468 2282 et
488 2233 551 2282 erat
577 2225 678 2295 uerbis,
702 2244 732 2281 rc
755 2243 811 2280 non
833 2243 866 2281 em

121 2318 236 2394 Semper
257 2328 349 2376 autem
370 2321 400 2375 in
415 2319 488 2395 fide,
511 2320 582 2396 quid
606 2320 734 2390 senserit,
757 2339 812 2376 non
836 2339 867 2396 qu

112 2415 235 2485 -diueris,
251 2416 439 2490 cogitandum.
481 2416 637 2474 Maximum
654 2425 745 2473 antem
760 2417 867 2492 erempb

120 2521 161 2569 cst
171 2511 299 2587 justitia
316 2513 347 2568 in
365 2513 467 2570 bostem
480 2532 500 2570 a
519 2512 673 2588 majoribus
687 2514 791 2571 nastris
806 2532 867 2570 cons

121 2616 218 2666 tutum.
262 2608 332 2666 (lum
346 2628 365 2666 a
379 2610 499 2686 Pyrrbn
505 2608 635 2684 perfuga
648 2610 759 2666 senatui
772 2618 813 2666 est
820 2610 867 2685 pel

75 2719 104 2769 20
121 2706 204 2776 citus,
214 2725 242 2763 se
251 2725 383 2763 uenenum
393 2707 456 2780 regi
466 2705 608 2777 daturum,
618 2712 644 2762 et
654 2723 713 2760 eum
723 2713 868 2762 necaturur

120 2810 233 2858 senatm
247 2810 274 2858 et
290 2801 323 2859 0.
338 2801 493 2858 Fabricius
508 2798 665 2876 perfugam
677 2799 797 2875 Pyrrba
818 2798 868 2857 ded

119 2897 171 2954 Ita
190 2916 223 2955 nc
243 2899 330 2955 bostis
347 2897 465 2972 quidem,
480 2904 507 2953 ct
522 2897 656 2972 patentis,
672 2904 699 2952 ct
719 2895 817 2952 bellum
829 2896 868 2953 ult

119 2993 279 3070 iry‘crentis,
294 2994 439 3051 interitum
452 3012 513 3050 cam
526 2993 625 3050 scelcrc
637 2990 831 3073 approbavit]

119 3182 167 3240 Ac
181 3184 217 3240 de
230 3183 344 3241 bellicis
357 3183 471 3258 quidem
484 3182 587 3242 officiis
600 3183 670 3241 sutis
683 3181 793 3241 dictum
807 3195 859 3242 est.

72 3282 104 3332 25
160 3277 378 3338 Meminerimus
400 3290 504 3351 autem,
519 3280 606 3338 etium
627 3280 762 3337 ndrersus
782 3280 869 3338 infimi

97 3373 250 3446 justitiam
286 3395 352 3436 esse
384 3375 564 3437 serrandum.
603 3374 659 3436 Est
684 3386 780 3436 nutem
806 3375 869 3435 infit
