1934 3398
410 233 454 280 ns
473 232 619 279 omens.
833 231 904 292 [us

115 382 357 442 nobisdissoluta.
392 382 584 440 Saenioorum
595 380 711 454 quidem
720 398 784 438 mos
792 390 903 439 tamtarn

115 479 202 536 habet
212 479 301 536 veteri
315 478 467 553 disciplina
478 477 693 547 verecundiam,
702 485 734 533 ut
744 477 775 533 in
786 495 902 534 scenam

115 575 178 632 sine
191 574 371 652 subligaculo
384 575 505 649 prodeat
518 592 613 631 nerno.
655 573 800 630 Verentur
813 574 903 644 enim,

115 690 162 742 ne,
177 672 201 729 si
215 689 273 746 quo
287 690 356 728 oasa
370 670 507 741 evenerit,
520 679 554 726 ut
568 688 695 744 eorporis
715 680 811 744 partes
829 690 903 744 quae·

84 780 101 830 5
116 767 183 825 dam
197 767 369 843 aperiantur,
383 766 557 841 aspiciantur
571 785 630 822 non
645 765 758 822 decore.
793 766 905 824 Nostro

115 863 232 941 quidem
246 881 336 935 more,
352 881 418 920 eum
434 862 601 937 parentibus
619 863 742 936 puberes
758 862 821 933 filii,
837 882 905 920 eum

115 960 224 1018 soceris
237 960 347 1036 generi,
359 979 419 1016 non
431 958 570 1016 lavantur.
612 957 781 1015 Retinenda
794 973 838 1016 est
853 959 905 1036 igi·

115 1066 162 1116 tur
183 1057 268 1133 hujus
288 1056 402 1133 generis
417 1054 602 1126 verecundia,
620 1055 780 1130 praesertim
800 1056 905 1114 natura

115 1153 179 1231 ipss
192 1154 330 1230 magistra
344 1163 373 1210 et
386 1153 469 1210 duee.

70 1349 101 1399 1⁰
154 1347 300 1405 XXXVI.
322 1347 398 1405 Cum
413 1357 508 1404 autern
518 1345 742 1422 pulchritudinis
751 1348 810 1405 dno
818 1368 904 1425 gene·

115 1463 148 1501 ra
168 1444 234 1511 sint,
250 1462 371 1519 quorum
392 1444 423 1501 in
444 1445 533 1500 altero
547 1454 681 1500 venustas
701 1444 748 1515 sit,
763 1445 793 1502 in
815 1446 906 1504 altero

116 1540 257 1616 dignitas3
273 1550 450 1596 venustatem
459 1541 628 1597 muliebrem
639 1541 746 1597 duoere
755 1541 904 1614 debemus,

116 1636 286 1712 dignitatem
300 1635 419 1693 virilem.
461 1637 540 1713 Ergo
551 1649 579 1694 et
594 1638 714 1694 aformal
724 1648 904 1695 removeatur

118 1731 211 1789 omnis
233 1733 294 1789 viro
315 1752 373 1790 non
395 1733 498 1810 dignus
519 1744 652 1804 ornatus;
674 1744 704 1791 et
724 1734 792 1791 huie
810 1734 909 1791 simile

70 1829 101 1879 15
118 1828 218 1887 vitium
232 1828 262 1885 in
277 1840 360 1905 gestu
381 1840 518 1904 motuque
540 1841 682 1888 caveatur.
723 1831 799 1888 Nam
814 1842 843 1887 et
856 1850 906 1906 pa·

117 1925 420 2000 laestrioimotussaepe
432 1937 498 1984 sunt
507 1927 680 1997 odiosiores;
696 1938 725 1985 et
734 1928 905 1985 histrionum

118 2021 251 2080 nonnulli
264 2032 362 2099 gestus
377 2023 466 2098 inepti
480 2042 539 2080 non
553 2036 657 2081 vacant
670 2024 843 2094 offensione3
865 2035 905 2096 et,

118 2118 150 2176 in
163 2128 285 2193 utroque
303 2137 419 2195 genere,
435 2140 497 2193 quae
516 2130 583 2177 sunt
602 2131 683 2177 reeta
703 2130 733 2176 et
752 2121 906 2195 simplicia,

118 2215 280 2273 laudantur.
322 2215 435 2273 Forma
455 2227 549 2273 autern
567 2217 693 2292 dignitas
707 2217 811 2273 coloris
827 2218 908 2274 boni·

69 2315 103 2368 20
119 2321 178 2371 tate
191 2313 300 2370 tuenda
313 2323 372 2382 est;
394 2313 485 2384 color,
499 2313 752 2371 exercitationibus
766 2316 905 2388 eorporis.

119 2408 296 2467 Adhibenda
321 2418 364 2465 est
391 2421 530 2484 praeterea
557 2409 700 2466 munditia
719 2428 775 2466 non
797 2411 907 2483 odiosa,

119 2523 214 2580 neque
228 2505 369 2579 exquisita
382 2506 468 2562 nimis
480 2527 486 2575 ;
508 2515 619 2563 tantum
634 2524 697 2580 quae
709 2506 799 2583 fugiat
814 2526 909 2583 agres-

119 2609 222 2658 temet
241 2601 426 2658 inhumanam
447 2603 660 2679 negligentiam.
703 2603 813 2660 Eadem
834 2604 909 2661 ratio

120 2707 165 2756 est
184 2698 317 2755 habenda
330 2698 466 2768 vestitds3
488 2699 589 2773 inquo
605 2697 694 2776 (siout
715 2700 745 2758 in
758 2701 910 2776 ‘plerisque

68 2797 106 2850 ὕ
121 2795 221 2874 rebus)
236 2794 421 2852 mediocritas
433 2795 541 2870 optima
554 2806 606 2853 est.

67 2963 70 2968 .
160 2891 331 2950 Cavendum
350 2900 394 2948 est
415 2901 572 2963 autemus
590 2902 639 2949 aut
652 2892 835 2951 tarditatibus
849 2904 911 2953 uta·

113 2986 229 3046 morin
239 3005 345 3066 gressu
360 2987 550 3062 mollioribus,
564 2999 595 3048 ut
607 3006 777 3066 pomparum
792 2990 912 3051 seroulis
