1904 3750
78 236 120 297 re
372 251 460 297 curo
479 250 595 307 ursos,
611 249 674 299 suu

166 395 241 454 Haec
255 397 333 454 enim
348 397 410 473 ipsa
423 408 490 456 sunt
504 398 694 469 honorabilia,
703 416 766 474 quae
781 396 914 454 videntur

124 490 201 551 levia
221 503 306 568 atque
327 495 501 567 communia,
523 494 650 566 salutari,
673 493 779 571 appeti,
799 493 913 565 decedi,

127 589 248 666 assurgi,
271 590 387 661 deduci,
409 591 520 663 reduci,
546 591 676 650 consuli:
700 610 763 666 quae
785 600 814 648 et
839 589 914 666 apud

125 703 188 757 nos,
203 695 232 742 et
246 686 275 742 in
291 686 354 743 aliis
368 687 542 759 civitatibus,
558 697 589 744 nt
602 706 721 764 quaeque
735 687 842 762 optime
857 705 914 744 mo-

93 787 111 836 5
125 790 196 853 rata,
212 781 251 839 ita
265 783 483 858 diligentissime
495 784 691 841 observantur.
732 782 912 858 Lysandrum

37 880 40 886 ’
124 876 378 948 Lacedaemonium
401 878 498 957 (cujus
525 880 612 938 modo
639 880 816 937 mentionem
839 879 911 959 leci)

124 973 222 1030 dicere
237 975 317 1032 aiunt
331 976 456 1048 solitum,
471 977 682 1034 Lacedaemone
696 995 759 1033 esse
773 976 913 1034 honestis·

124 1069 229 1128 simum
254 1071 433 1130 domicilium
461 1072 636 1130 senectutis:
665 1091 807 1147 nusquam
835 1073 913 1130 enim

123 1175 235 1226 tantum
262 1167 397 1225 tribuitur
424 1168 511 1240 aetati,
539 1187 680 1243 nusquam
707 1178 751 1224 est
777 1178 913 1226 senectus

78 1265 109 1317 10
124 1261 299 1321 honoratior.
339 1264 509 1325 Quinetiam
525 1263 671 1321 memoriae
691 1264 837 1341 proditum
858 1274 912 1336 est,

124 1377 191 1416 cum
205 1360 339 1430 Athenis,
354 1359 440 1432 ludis,
454 1360 570 1436 quidam
586 1360 615 1416 in
636 1360 779 1417 theatrum
794 1361 913 1438 grandis

122 1465 193 1512 natu
221 1456 352 1526 venisset,
375 1456 405 1512 in
432 1475 537 1532 magno
564 1474 702 1512 consessu
723 1455 821 1515 locum
844 1456 871 1514 ei
895 1476 913 1515 a

122 1551 182 1606 suis
209 1551 320 1607 civibus
343 1570 484 1626 nusquam
512 1551 627 1608 datum:
659 1570 727 1608 cum
756 1562 852 1611 autem
875 1552 911 1610 ad

122 1643 358 1704 Lacedaemonios
380 1648 557 1718 accessisset,
580 1646 653 1722 (qui,
675 1648 763 1725 legati
779 1668 847 1706 cum
870 1669 913 1706 es·

76 1743 107 1792 15
123 1750 196 1812 sent,
222 1741 251 1799 in
275 1742 340 1799 loco
363 1753 442 1799 certo
470 1744 674 1822 consederant)
697 1745 911 1802 consurrexisse

123 1855 232 1909 omnes,
248 1848 277 1894 et
291 1858 388 1895 senem
410 1839 490 1896 illum
511 1859 620 1897 sessum
641 1841 794 1916 recepisse.
835 1841 910 1903 Qui-

123 1934 177 1990 bus
191 1953 257 1990 cum
274 1954 290 1991 a
304 1946 412 1992 cuncto
427 1955 563 1994 consessu
584 1937 701 2012 plausus
721 1948 798 1995 esset
818 1938 911 1996 multi·

121 2029 189 2112 plen
202 2029 295 2101 datus,
311 2030 417 2087 dixisse
432 2050 468 2087 ex
488 2032 522 2088 iis
537 2032 699 2105 quemdam,
714 2032 910 2090 Athenienses

122 2124 207 2196 scire,
222 2145 284 2200 quae
299 2136 379 2182 recta
393 2137 497 2197 essent,
513 2128 563 2183 sed
579 2127 674 2184 facere
688 2127 773 2185 nolle.
816 2128 911 2187 Multa

74 2221 106 2271 20
123 2218 267 2277 innostro
295 2221 418 2297 collegio
445 2223 597 2297 praeclara:
632 2223 682 2279 sed
707 2224 773 2295 hoc,
795 2224 831 2282 de
853 2242 909 2300 quo

123 2315 244 2392 agimus,
256 2315 286 2373 in
300 2316 409 2390 primis,
425 2319 512 2392 quod,
527 2329 558 2376 ut
572 2319 691 2394 quisque
701 2329 783 2377 {etate
795 2331 909 2377 antece·

121 2411 174 2482 dit,
190 2411 230 2468 ita
250 2413 399 2470 sententiae
419 2414 613 2489 principatum
634 2425 729 2473 tenet:
752 2435 845 2492 neque
866 2436 909 2475 so·

120 2505 180 2564 lum
205 2507 313 2564 honore
337 2510 583 2582 antecedentibus,
606 2511 656 2567 sed
681 2510 716 2569 iis
744 2512 831 2570 etiam
860 2513 907 2588 qui

121 2622 187 2660 cum
203 2603 322 2677 imperio
338 2615 413 2675 sunt,
429 2606 550 2682 majores
564 2618 632 2663 natu
648 2627 772 2684 augures
788 2619 906 2685 antepo-

73 2709 105 2758 25
121 2710 237 2757 nuntur.
277 2698 354 2760 Quae
383 2711 449 2758 sunt
477 2702 564 2778 igitur
591 2703 750 2779 voluptates
778 2705 908 2781 corporis

121 2813 188 2852 cum
204 2796 382 2853 auctoritatis
402 2798 528 2872 praemiis
550 2799 775 2874 comparandoel
805 2802 908 2876 quibus

119 2891 169 2962 qui
184 2890 333 2966 splendide
348 2894 392 2951 usi
407 2904 484 2965 sunt,
500 2893 519 2950 ii
534 2895 604 2951 mihi
626 2895 757 2953 videntur
781 2897 907 2956 fabulam
