1904 3750
745 430 748 437 ›

89 634 131 694 ts
424 649 467 696 nn
487 648 632 695 osricus.
853 648 922 708 [nr.

136 794 249 868 bentur,
264 797 356 874 magis
378 796 483 855 decere
504 806 625 855 censent
648 795 794 873 sapientes
815 796 922 854 sensim

136 893 274 965 dissuere,
289 912 375 968 quam
393 903 510 970 repente
528 894 694 970 precidere.
735 893 924 950 Commutato

136 998 231 1047 autem
245 1009 351 1067 genere
366 990 441 1062 vitre,
456 991 536 1047 omni
554 989 667 1047 ratione
685 989 847 1047 curandum
868 1000 923 1060 est,

134 1095 167 1144 ut
181 1085 210 1142 id
225 1087 301 1143 bono
315 1087 439 1144 oonsilio
452 1085 555 1144 fecisse
569 1086 724 1144 videamur.

103 1183 121 1232 ὅ
175 1167 244 1254 Sed,
259 1183 395 1257 quoniam
413 1183 499 1259 paulo
519 1194 585 1240 ante
606 1182 788 1254 dictumest,
811 1182 924 1240 imitan-

135 1278 188 1336 dos
211 1297 274 1336 esse
296 1279 437 1355 majores;
461 1280 586 1356 primum
608 1279 679 1336 illud
700 1289 853 1354 exceptum
875 1279 923 1350 sit,

135 1391 173 1432 ne
194 1375 264 1432 vitia
284 1376 342 1433 sint
364 1376 518 1446 imitanda3
548 1374 663 1446 deinde,
687 1375 712 1432 si
734 1385 840 1432 natura
862 1394 921 1432 nou

136 1469 208 1528 feret
231 1482 263 1528 ut
284 1472 415 1546 quaedam
437 1472 543 1529 imitari
566 1472 678 1547 possint
699 1470 745 1549 (ut
768 1472 920 1547 superioris

135 1566 270 1624 Africani
284 1567 369 1639 filius,
384 1567 434 1642 qui
448 1567 527 1624 huno
549 1567 639 1625 Paulo
652 1579 752 1625 natum
768 1567 918 1642 adoptavit,

88 1671 121 1723 10
135 1674 252 1739 propter
266 1664 462 1721 infirmitatem
475 1664 651 1721 valetudinis
672 1682 731 1721 non
752 1674 810 1721 tam
829 1663 917 1738 potuit

134 1759 224 1835 patris
237 1759 339 1817 similis
353 1778 426 1835 esse,
437 1778 522 1834 quarn
535 1760 582 1816 ille
594 1760 687 1818 fuerat
698 1761 756 1839 sui)
767 1780 774 1830 ;
796 1761 821 1817 si
836 1761 915 1837 igitur

134 1873 194 1912 non
208 1855 313 1931 poterit
326 1855 385 1912 sive
400 1874 502 1912 causas
516 1857 699 1928 defensitare,
714 1857 774 1914 sive
787 1857 913 1932 populun

135 1951 326 2007 concionibus
340 1961 448 2022 tenere,
463 1952 522 2008 sive
537 1952 613 2011 bella
625 1971 742 2030 gerere;
765 1953 814 2010 illa
826 1964 911 2010 tamer

133 2055 269 2120 prestare
288 2045 415 2117 debebit,
423 2065 492 2120 „quae
513 2058 598 2104 erunt
619 2048 648 2104 in
670 2048 759 2122 ipsius
773 2058 910 2124 potestate

88 2153 120 2204 15
132 2140 282 2216 justitiam,
303 2141 399 2212 tidem,
420 2142 631 2214 liberalitatem,
653 2145 833 2215 modestiam,
854 2155 908 2202 tem

133 2237 303 2313 perantiam,
317 2257 375 2312 quo
395 2238 491 2296 minus
512 2239 547 2295 ab
568 2258 602 2296 eo
624 2239 663 2310 id,
685 2241 761 2314 quod
783 2240 867 2310 desit,
881 2259 906 2296 rr

133 2333 270 2408 quiratur.
311 2333 430 2409 Optima
461 2347 556 2393 autem
581 2336 733 2393 haereditas
756 2356 772 2394 a
794 2337 904 2412 patribu

134 2429 255 2486 traditur
269 2430 377 2502 liberis,
392 2432 528 2507 omnique
547 2432 720 2508 patrimonio
732 2433 902 2507 prestantior

135 2525 226 2602 gloria
240 2526 361 2598 virtutis,
376 2546 528 2604 rerumque
542 2539 704 2606 gestarum3
726 2529 774 2586 cui
789 2530 901 2586 dedeuos

86 2627 120 2678 au
135 2640 208 2694 esse,
223 2624 304 2681 nefas
318 2634 347 2680 et
361 2624 480 2700 impium
492 2626 681 2702 judicandum
696 2636 747 2682 est.

174 2814 321 2873 XXXIV.
344 2815 392 2888 Et,
404 2818 539 2893 quoniam
551 2818 647 2876 officia
655 2838 711 2876 non
721 2818 822 2876 eadem
831 2819 895 2894 disp

133 2909 214 2969 ribus
228 2912 360 2969 aetatibus
380 2914 554 2984 tribuuntur,
571 2915 682 2989 aliaque
696 2925 764 2971 sunt
773 2915 894 2990 juvenur

135 3005 192 3063 alia
205 3007 351 3064 seniorum
363 3028 370 3076 ;
393 3008 501 3082 aliquid
515 3010 602 3066 etiam
616 3010 653 3066 de
667 3010 722 3067 huo
736 3011 892 3068 distinctior

134 3098 291 3159 dicendum
311 3113 363 3159 est.
406 3103 459 3160 Est
480 3104 566 3180 igitur
584 3105 786 3179 adolescentis,
802 3107 891 3182 major

87 3198 119 3252 25
134 3206 204 3253 natu
215 3199 316 3270 vereri,
325 3216 417 3274 exque
426 3199 471 3257 his
480 3200 607 3278 deligere
615 3203 738 3277 optimos
747 3213 775 3260 et
786 3204 887 3279 probat

128 3290 230 3363 simos,
247 3313 368 3368 quorum
382 3296 506 3354 oonsilio
521 3308 605 3373 atque
620 3299 791 3357 auctoritate
805 3301 887 3358 nitati

109 3377 257 3445 laetantis
269 3391 352 3452 enim
367 3393 464 3454 etatis
479 3393 598 3455 inscitia
609 3413 712 3455 senum
721 3397 885 3455 eonstituen
