1904 3750
64 265 109 328 ll
360 274 448 326 caro
465 276 580 337 umen,
597 274 659 325 ssu

116 429 212 505 ganda
233 438 286 502 est,
312 431 336 487 si
358 429 478 486 omniuo
500 428 658 505 exstinguit
680 427 823 497 animum3
854 437 903 485 aut

116 525 203 583 etiam
225 527 359 602 optanda,
381 527 406 583 si
429 526 525 601 aliquo
549 544 616 582 eum
637 524 765 596 deducit,
788 524 839 580 ubi
866 523 903 580 sit

116 621 227 679 firtarus
242 634 373 680 aeternus.
416 623 507 697 Atqui
520 622 637 679 tertium
652 630 731 678 certe
742 620 813 677 nihil
824 621 900 678 inve·

115 717 171 774 niri
189 727 294 793 potest.
334 718 418 780 Quid
446 717 533 794 igitur
560 717 686 787 timeam,
715 715 740 772 si
768 726 817 773 aut
843 731 902 772 non

84 813 201 878 smiser
227 826 293 890 post
320 825 450 886 mortem,
473 823 522 871 aut
545 815 647 871 beatus
667 813 765 884 etiam,
787 812 902 869 iuturus

115 912 200 968 sumi

152 1005 331 1083 Quanquam
353 1008 417 1083 quis
437 1017 481 1065 est
501 1017 560 1065 tam
581 1005 694 1077 stultus,
716 1004 847 1079 quamvis
866 1002 902 1060 sit

115 1103 294 1177 adolescens,
310 1105 358 1162 cui
373 1105 409 1161 sit
430 1104 618 1179 exploratum,
640 1120 671 1158 se
694 1101 729 1158 ad
751 1118 901 1176 vesperum

114 1217 178 1256 esse
211 1201 376 1259 victuruml
429 1200 600 1262 Quinetiam
634 1207 702 1256 aetas
735 1196 785 1254 illa
812 1196 902 1253 multo

68 1301 99 1350 10
113 1295 220 1370 plures,
249 1316 334 1373 quam
356 1306 463 1368 nostra,
486 1295 586 1353 mortis
608 1313 692 1352 casus
712 1293 806 1350 habet.
847 1293 903 1351 Fa·

113 1393 199 1450 cilius
214 1394 243 1449 in
259 1394 376 1449 morbos
396 1392 529 1449 incidunt
551 1391 749 1449 adolescentes
759 1410 766 1460 ;
789 1389 902 1466 gravius

114 1499 270 1564 aegrotaut3
291 1488 400 1544 tristius
414 1498 560 1545 curantur.
602 1486 704 1561 Itaque
723 1487 810 1561 pauci
824 1486 902 1542 veni·

113 1593 166 1640 unt
181 1583 214 1639 ad
230 1593 407 1640 senectutem
421 1603 426 1639 :
449 1583 524 1658 quod
536 1583 566 1639 ni
578 1583 618 1639 ita
629 1583 784 1653 accideret,
797 1582 900 1639 melius

113 1689 141 1736 et
155 1680 324 1753 prudentius
338 1680 487 1736 viveretur.
531 1678 616 1735 Mens
631 1679 718 1750 enirn,
734 1691 762 1735 et
776 1679 860 1750 ratic,
872 1688 901 1734 et

68 1788 98 1836 15
115 1775 275 1845 consilium,
292 1774 321 1831 in
342 1776 459 1832 senibus
480 1784 538 1845 est;
561 1776 609 1849 qui
631 1775 655 1831 si
676 1775 747 1832 nulli
769 1775 898 1845 fuissent,

114 1871 200 1928 nullae
223 1872 342 1928 omnino
364 1872 496 1929 civitates
519 1882 623 1928 essent.
674 1872 733 1927 Sed
755 1872 842 1929 redeo
865 1870 900 1927 ad

115 1981 234 2024 mortem
258 1969 480 2043 impendentem.
520 1968 612 2029 Quod
635 1968 704 2025 illud
727 1980 770 2024 est
791 1969 900 2024 crimen

114 2063 282 2127 senectutis
298 2082 364 2120 curn
386 2063 455 2121 illud
478 2063 598 2119 videatis
619 2082 685 2119 curn
708 2063 902 2119 adolescentia

114 2177 176 2214 esse
192 2161 365 2216 commune?
407 2159 490 2215 Sensi
503 2177 568 2234 ego,
581 2177 647 2214 cum
662 2158 690 2214 in
712 2159 821 2233 optimo
842 2158 900 2214 lilio

66 2258 97 2306 20
114 2274 188 2325 meo,
205 2266 263 2312 tum
286 2256 315 2312 in
337 2255 509 2330 exspectatis
532 2255 566 2310 ad
589 2254 792 2329 amplissimam
807 2254 899 2330 digni-

113 2362 200 2408 tatem
216 2352 350 2408 fratribus
364 2352 430 2422 tuis,
453 2352 562 2426 Scipio,
579 2351 658 2406 omni
680 2351 755 2407 aetati
777 2361 896 2407 mortem

112 2466 175 2504 esse
191 2466 383 2504 conrrnunem.

153 2544 194 2599 At
215 2553 311 2619 sperat
326 2543 505 2613 adolescens,
521 2543 570 2599 diu
591 2562 621 2599 se
644 2543 802 2611 victurum;
825 2541 901 2616 quod

113 2659 228 2715 sperare
256 2639 331 2694 idern
360 2658 448 2695 senex
482 2657 539 2695 non
573 2647 673 2713 potest.
729 2638 901 2713 lnsipienter

65 2757 97 2805 25
113 2746 215 2809 sperat.
256 2735 338 2795 Quid
362 2735 438 2790 enim
461 2734 585 2804 stultius,
608 2753 693 2809 quam
717 2734 828 2790 incerta
848 2751 901 2807 pro

113 2833 200 2887 certis
215 2833 330 2898 habere,
346 2832 418 2888 falsa
433 2850 485 2906 pro
508 2831 602 2886 veris?
644 2832 739 2887 Senex
762 2848 808 2899 ne,
824 2829 902 2902 quod

107 2938 205 3000 speret
220 2927 348 3004 quidem,
364 2927 458 2984 habet.
500 2927 541 2983 At
561 2937 605 2984 est
619 2945 655 2984 eo
668 2925 787 2983 meliore
802 2926 901 2981 condi·

97 3021 191 3100 tione,
210 3047 303 3105 quarn
329 3027 521 3097 adulescens·²
541 3042 610 3084 cum
625 3021 760 3097 iduund
768 3021 819 3078 ille
839 3040 902 3097 spe-
