1904 3750
327 279 371 332 us
391 285 591 333 sensorum
864 278 902 337 35

67 444 218 493 crescunt:
237 445 267 491 ut
281 433 433 492 honestum
448 434 518 492 illud
533 434 649 492 Solonis
663 433 709 506 sit,
724 432 800 510 quod
815 435 855 493 ait

66 532 208 589 versiculo
228 530 362 606 quodam,
386 531 431 609 (ut
452 543 518 589 ante
539 532 613 611 dixi)
639 550 790 590 senescere
803 551 852 605 se,

66 629 157 685 multa
177 628 269 684 indies
290 628 502 686 addiscentem:
524 628 581 704 qud
601 628 746 705 voluptate
765 628 852 686 animi

65 725 146 781 nulla
159 734 237 781 certe
250 733 420 799 potestesse
440 725 539 801 major.

104 916 171 974 XV.
213 916 308 973 Venio
328 936 407 974 nunc
423 917 458 973 ad
472 916 631 992 voluptates
647 917 848 994 agricolarum,
867 932 884 981 5

65 1013 167 1088 quibus
182 1031 237 1089 ego
251 1013 457 1070 incredibiliter
472 1013 617 1070 delector:
639 1032 701 1088 quae
722 1033 777 1072 nec
792 1015 851 1072 ulls

65 1108 258 1184 impediuntur
270 1118 428 1180 senectute,
440 1120 469 1166 et
483 1109 553 1165 mihi
566 1109 600 1165 ad
612 1109 749 1184 sapientis
763 1110 849 1168 vitam

63 1205 192 1280 proxime
206 1205 338 1263 videntur
353 1206 500 1264 accedere.
542 1205 661 1263 Habent
674 1205 751 1263 euim
765 1207 851 1264 ratio·

63 1318 130 1357 nem
144 1319 211 1358 cum
225 1301 310 1372 terri,
323 1320 385 1376 quae
399 1320 545 1376 nunquam
559 1310 674 1358 recusat
688 1301 850 1376 imperium,

63 1414 257 1473 necunquam
272 1397 333 1454 sine
345 1398 432 1455 usuri
445 1398 548 1469 reddit,
563 1399 640 1473 quod
655 1398 768 1473 accepit
776 1419 783 1467 ;
799 1398 850 1457 sed
866 1399 897 1449 1⁰

64 1493 134 1550 alias
161 1492 282 1565 minore,
308 1494 475 1570 plerumque
503 1495 620 1571 majore,
642 1514 708 1553 cum
731 1495 849 1554 foeuore.

61 1589 237 1664 Quanquam
267 1609 314 1646 me
334 1591 448 1666 quidem
470 1609 529 1648 non
550 1592 660 1648 fructus
680 1591 777 1664 modo,
798 1591 850 1650 sed

62 1685 150 1742 etiam
164 1685 254 1761 ipsius
274 1694 356 1743 terrae
370 1687 412 1743 vis
427 1706 461 1744 ac
482 1696 594 1758 natura,
610 1686 753 1745 delectati
775 1707 848 1764 quae,

62 1798 130 1837 curn
150 1780 261 1857 gremio
281 1780 391 1838 mollito
412 1800 446 1838 ac
467 1784 587 1839 subacto
608 1768 849 1858 semenvsparsum

61 1877 191 1952 excepit;
211 1875 334 1952 primum
355 1878 384 1934 id
398 1888 576 1934 occaecatum
596 1878 715 1935 cohibet
730 1878 780 1952 (ex
793 1898 849 1955 quo
864 1881 896 1931 15

60 1973 185 2044 occatio,
201 1993 263 2048 quae
284 1974 340 2030 hoc
361 1973 458 2045 efficit,
473 1974 622 2031 nominata
635 1974 710 2052 est):
732 1974 847 2048 deinde,

60 2070 234 2145 tepefactum
256 2089 360 2145 vapore
380 2080 409 2127 et
429 2088 596 2146 compressu
617 2087 680 2140 suo,
695 2070 847 2141 diffundit;

59 2178 89 2223 et
110 2165 190 2222 elicit
210 2166 427 2223 herbescentem
449 2184 540 2223 exeo
561 2165 752 2234 viriditatem3
773 2185 847 2241 qun,

60 2262 128 2318 nixa
148 2261 227 2318 fibris
247 2262 387 2337 stirpium,
403 2263 508 2319 sensim
531 2260 679 2330 adolescit,
695 2261 848 2336 culmoque

59 2367 159 2415 erecta
179 2358 352 2434 geniculato,
375 2359 498 2435 vaginis·
503 2359 562 2433 jam
583 2357 664 2432 quasi
685 2358 848 2433 pubescens
863 2363 895 2414 ΞΟ

60 2453 234 2522 includitur;
256 2473 272 2510 c
293 2455 484 2529 quibuscum
505 2457 662 2528 emerserit,
677 2455 772 2514 fundit
793 2455 849 2514 lru·

59 2568 126 2626 gem
140 2549 223 2625 spici,
239 2550 339 2606 ordine
359 2560 507 2624 structam,
522 2563 552 2609 et
572 2564 674 2610 eontra
689 2553 782 2610 avium
798 2552 849 2609 mi-

58 2664 164 2702 norum
179 2664 291 2703 morsus
308 2644 462 2728 [munitur]
480 2648 552 2706 vallo
567 2649 724 2707 cristarum.
764 2647 849 2711 Quid

59 2760 115 2819 ego
136 2742 237 2799 vitium
258 2753 345 2814 satus,
361 2753 450 2815 ortus,
466 2744 653 2816 incrementa,
675 2763 849 2802 commemo·

58 2839 140 2894 reml
182 2839 288 2896 Saliari
301 2838 493 2895 delectatione
512 2858 571 2896 non
590 2859 718 2916 possum,
731 2850 764 2897 ut
777 2858 848 2899 mere
862 2841 895 2894 25

59 2934 218 2992 senectutis
229 2935 384 3010 requietem
396 2934 695 3012 oblectamentumque
709 2938 845 2995 noscatis.

58 3028 172 3089 Omitto
185 3031 263 3091 enim
276 3031 333 3090 vim
348 3031 441 3109 ipsam
454 3033 590 3095 omnium
603 3053 672 3112 quc
686 3038 873 3111 {eustanum
