1904 3750
69 254 110 313 46
363 266 452 314 caro
471 265 587 325 ueros,
607 265 670 314 ssu

117 415 260 471 bonorum
274 415 415 473 memoria
435 425 465 472 et
485 415 578 490 copia.
620 414 730 473 Omnia
749 432 828 485 vero,
844 432 908 489 quae

117 511 278 568 secundum
292 523 424 569 naturam
438 512 520 584 fiunt,
535 521 603 569 sunt
617 511 752 568 habenda
766 511 796 567 in
812 511 907 567 bonis.

116 606 200 668 Quid
215 618 258 665 est
279 618 375 665 autem
396 618 454 666 tam
475 608 635 665 secundum
657 618 800 679 naturam,
822 625 908 683 quam

118 704 235 761 senibus
248 705 359 762 emorit
381 706 458 780 quod
473 705 550 763 idem
572 705 717 781 contingit
742 704 909 761 adolescen-

86 815 102 864 5
118 800 205 871 tibus,
222 800 390 858 adversante
405 811 434 858 et
454 811 632 878 repugnante
652 801 763 858 naturis.
807 801 908 875 Itaque

119 896 317 954 adolescentes
345 898 418 955 mori
446 898 490 956 sic
518 899 589 955 mihi
617 898 761 969 videntur,
785 906 816 954 ut
841 915 906 954 cum

119 1013 199 1068 aquae
221 995 406 1052 multitudine
420 995 464 1051 vis
478 995 600 1052 flammae
615 994 802 1070 opprimitur;
824 1012 907 1051 senes

119 1100 224 1163 autem,
240 1091 315 1148 sicut
336 1091 388 1149 suri
409 1101 522 1166 sponte,
543 1091 623 1149 nulls
645 1090 773 1147 adhibita
788 1091 826 1162 vi,
841 1108 908 1147 cou-

118 1199 248 1264 sumptus
263 1188 339 1265 ignis
353 1188 554 1264 exstinguitur.
596 1187 645 1259 Et,
660 1186 742 1263 quasi
762 1206 859 1262 poma,
874 1205 909 1244 ex

71 1286 102 1336 10
120 1285 279 1356 arboribus,
295 1285 319 1341 si
333 1285 424 1341 cruda
438 1294 514 1356 sunt,
530 1284 558 1341 vi
573 1284 750 1354 avelluntur;
773 1283 797 1340 si
819 1292 909 1340 matu·

119 1391 193 1438 raet
214 1392 308 1452 cocta,
324 1381 479 1450 decidunt;
502 1380 546 1437 sic
566 1381 653 1437 vitam
676 1380 909 1437 adolescentibus

118 1478 161 1535 vis
176 1478 277 1549 aufert,
293 1477 410 1534 senibus
431 1477 599 1534 maturitas:
621 1497 685 1553 quae
706 1477 776 1534 mihi
792 1477 908 1552 quidem

118 1584 175 1630 tam
188 1572 318 1649 jucunda
331 1582 384 1644 est,
400 1583 440 1643 ut,
456 1591 514 1647 quo
527 1573 647 1647 propius
669 1574 704 1629 ad
725 1584 847 1630 mortem
864 1592 909 1630 ac·

119 1669 230 1738 cedam,
266 1669 347 1742 quasi
382 1678 486 1725 terram
520 1669 617 1725 videre
645 1670 752 1740 videar,
783 1671 908 1744 aliquan·

71 1776 102 1824 15
119 1766 213 1840 doque
248 1765 277 1821 in
307 1775 422 1840 portum
456 1784 491 1821 ex
518 1766 606 1842 longit
634 1767 818 1842 navigatione
846 1785 907 1824 esse

118 1872 263 1919 venturus

158 2055 227 2114 XX.
270 2055 410 2113 Omnium
432 2066 547 2113 aetatum
569 2068 665 2113 certus
686 2067 729 2113 est
749 2057 906 2113 terminus:

119 2154 277 2210 senectutis
312 2163 407 2210 autem
435 2153 531 2209 nullus
556 2164 652 2209 certus
680 2164 722 2210 est
749 2155 906 2210 terminus:

119 2261 253 2324 recteque
276 2251 304 2307 in
325 2250 360 2306 eit
381 2250 494 2320 vivitur,
510 2249 605 2324 quoad
628 2269 731 2305 munus
754 2250 844 2307 officii
860 2269 907 2306 ex·

14 2395 16 2399 ,
71 2358 102 2407 20
119 2348 200 2421 sequi
215 2359 244 2402 et
258 2346 332 2403 tueri
353 2346 455 2421 possis,
471 2357 500 2402 et
521 2356 617 2402 tamen
638 2356 759 2402 mortem
782 2356 909 2403 contem·

120 2462 204 2498 nere:
236 2462 272 2498 ex
290 2461 348 2517 quo
368 2443 409 2512 tit,
432 2452 463 2498 ut
487 2442 642 2498 animosior
663 2442 749 2498 etiarn
773 2452 909 2499 senectus

119 2538 165 2608 sit,
181 2557 266 2611 quam
279 2537 482 2607 adolescentia,
494 2548 523 2593 et
538 2537 647 2594 fortior.
690 2536 757 2593 Hoc
773 2537 843 2593 illud
855 2546 908 2608 est,

119 2635 196 2709 quod
211 2634 361 2689 Pisistrato
375 2644 526 2707 tyrannos
541 2634 649 2691 Solone
663 2652 832 2708 responsum
848 2644 907 2703 est;

120 2749 186 2786 curn
209 2729 249 2785 illi
271 2730 421 2802 querenti,
443 2729 500 2803 quis
521 2730 638 2786 tandem
660 2749 709 2805 spe
731 2729 830 2799 fretus,
853 2729 908 2787 sibi

71 2838 103 2885 25
119 2837 177 2882 tam
206 2826 352 2883 audaciter
387 2826 549 2898 obsisteret,
577 2827 759 2902 respondisse
787 2825 906 2898 dicitur,

116 2921 284 2979 Senectute.
327 2923 385 2980 Sed
400 2921 514 2978 vivendi
536 2923 601 2980 tinis
615 2933 658 2980 est
672 2921 808 2997 optimus,
829 2941 907 2993 cum,

104 3015 227 3100 integri
252 3031 364 3098 mente,
390 3019 565 3098 ceterisque
583 3017 728 3088 sensibus,
742 3035 817 3094 onus
845 3017 908 3096 insa
