1904 3750
271 581 309 631 M.
330 581 454 633 TULLII
475 581 669 634 CICERONIS

67 773 197 839 CATO
214 775 378 857 MAJOR‚
396 777 482 842 SEU
498 778 561 842 DE
581 777 862 859 SENEOTUTE,

447 957 486 993 Al)

223 1104 260 1153 Τ.
290 1103 505 1154 POMPONIUM
529 1105 704 1156 ATTICUM.

380 1292 554 1303 ...ι-..ια

101 1421 126 1480 Ῑ·
151 1440 167 1468 “
178 1437 201 1487 O
212 1433 289 1501 Tira,
300 1440 321 1487 si
333 1439 392 1502 quid
403 1455 451 1504 ego
461 1440 555 1504 adjuro,
562 1450 680 1489 curamve
691 1439 798 1502 levasso,

100 1528 101 1532 ’
179 1519 243 1577 Quae
255 1535 324 1568 nunc
335 1527 360 1568 te
371 1521 464 1583 coquit,
474 1527 501 1570 et
511 1526 595 1571 versat
605 1520 632 1568 in
643 1526 742 1584 pectore
754 1520 813 1583 lixa,

176 1599 273 1662 Ecquid
284 1601 331 1648 erit
342 1601 414 1664 pretii
423 1603 432 1649 ἰ
441 1600 458 1622 ”

71 1709 155 1768 Licet
169 1712 247 1768 enim
257 1713 387 1770 versibus
401 1713 504 1771 iisdem
518 1713 590 1770 mihi
604 1713 684 1771 affari
698 1723 737 1786 tc,
749 1711 859 1784 Attice,

71 1808 175 1882 quibus
191 1808 291 1865 affatur
306 1808 513 1881 Flamininum,
873 1823 890 1870 5

147 1933 163 1961 “
172 1930 217 1979 Ille
229 1932 276 1993 vir,
287 1931 354 1979 haud
365 1933 456 1996 magna
467 1947 527 1979 cnm
538 1947 574 1994 re,
584 1931 628 1979 aed
639 1931 724 1995 plemi‘
737 1931 795 1980 fidei
805 1946 812 1991 ς
822 1931 837 1952 ”

69 2065 243 2121 quamquam
258 2056 338 2103 certo
353 2047 425 2118 scio,
440 2065 509 2118 non,
524 2055 557 2102 ut
570 2045 779 2115 Flamininum,

146 2172 304 2220 “Sollicitari
315 2179 350 2233 te,
361 2172 428 2234 Tite,
439 2171 475 2219 sic
486 2177 620 2233 noctesque
633 2169 762 2232 diesque.'’

68 2279 146 2339 Novi
171 2281 250 2338 enim
273 2282 502 2339 moderationem
527 2268 616 2337 animi
643 2279 696 2351 tui,
721 2289 750 2336 et
774 2279 860 2354 aequi·

68 2387 173 2448 tatem;
207 2388 294 2453 teque
328 2397 387 2435 non
415 2396 579 2454 cognomen
613 2377 708 2434 solum
734 2375 859 2432 Athenis
874 2384 905 2432 10

68 2474 245 2550 deportisse,
277 2474 327 2531 sed
361 2474 580 2544 humanitatem,
615 2482 644 2529 et
676 2471 859 2548 prudentiam

68 2570 209 2648 intelligo.
251 2570 290 2627 Et
305 2580 402 2627 tamen
424 2570 565 2645 suspicor,
588 2569 692 2626 iisdem
713 2569 858 2639 robuste,

67 2668 173 2743 quibus
193 2667 346 2742 meipsum,
368 2667 512 2724 interdum
533 2665 649 2743 gravius
667 2663 858 2722 commoveri:

67 2784 190 2840 quarum
220 2762 382 2820 consolatio
410 2772 439 2819 ct
466 2762 557 2839 major
584 2771 637 2833 est,
665 2771 695 2819 et
722 2760 753 2819 in
781 2759 859 2818 aliud

66 2870 181 2937 tempus
194 2859 362 2918 differenda.
403 2857 494 2916 Nunc
509 2868 604 2916 autem
623 2857 695 2915 mihi
708 2857 802 2916 risum
815 2867 861 2914 eet
873 2861 904 2909 15

68 2956 105 3015 dc
126 2958 286 3018 Senectute
311 2955 423 3036 aliquid
448 2955 486 3018 ad
508 2966 541 3017 te
561 2955 772 3016 commanere.
804 2948 892 3003 Μ»
