1904 3750
74 217 169 278 nm]
365 218 408 264 nn
429 218 574 266 osricus
851 206 906 268 171

74 369 124 445 qui
158 368 214 423 hoc
252 365 320 422 boni
357 365 410 423 viri
448 366 536 423 luisse
572 375 675 444 neget3
714 364 861 441 sapientis,

74 473 198 540 negant;
227 472 268 532 ut,
290 462 313 518 si
334 462 463 530 minoris,
484 481 569 538 quam
594 464 744 539 potuisset,
766 462 862 519 vendi·

75 562 171 618 disset.
228 558 302 615 Haec
337 558 424 634 igitur
452 568 496 615 est
522 558 571 616 illa
602 561 756 635 pernicies,
784 558 861 634 quod

75 657 146 713 alios
167 657 270 725 bonos,
285 655 355 712 alios
375 654 528 729 sapientes,
549 655 728 714 existimant:
749 675 786 712 ex
805 675 861 730 quo

75 751 198 822 Ennius,
227 751 448 824 “nequidquam
484 769 584 824 sapere
617 752 785 826 sapientem,
812 752 891 828 qui5

75 847 128 904 sibi
144 848 204 922 ipse
216 847 352 921 prodesse
366 865 424 903 non
439 845 559 919 quiret.''
601 847 678 904 Vere
692 847 721 904 id
735 848 860 923 quidem,

75 945 109 1014 si,
123 944 191 1018 quid
211 953 287 1000 esset
302 950 319 975 “
329 943 495 1017 prodesse,”
511 942 581 998 mihi
595 962 662 1000 cum
682 943 779 1001 Ennio
793 963 861 1002 con·

75 1041 192 1096 veniret.
234 1038 416 1095 Hecatonem
431 1037 546 1112 quidem
562 1037 721 1109 Rhodium,
737 1039 861 1115 discipu-

74 1135 132 1193 lum
154 1135 284 1206 Panaetii,
299 1135 383 1192 video
404 1134 434 1190 in
455 1134 490 1190 iis
510 1134 601 1205 libris,
616 1153 688 1208 quos
706 1135 741 1191 de
755 1135 861 1192 Officio

73 1232 189 1307 scripsit
214 1230 254 1292 Q.
283 1231 442 1301 Tuberoni,
471 1231 578 1301 dicere,
609 1231 754 1307 Sapientis
788 1250 860 1304 esse,
876 1238 907 1287 1⁰

74 1328 145 1385 nihil
170 1337 272 1385 contra
298 1346 403 1398 mores,
427 1327 515 1402 leges,
540 1327 670 1385 instituta
697 1328 860 1397 facientem,

74 1423 181 1481 habere
207 1424 347 1481 rationem
375 1424 417 1480 rei
444 1423 601 1480 familiaris.
652 1424 757 1500 Neque
784 1426 861 1482 enim

75 1521 167 1578 solum
192 1521 276 1577 nobis
299 1521 403 1577 divites
426 1539 489 1578 esse
513 1521 653 1593 volumus,
679 1522 729 1579 sed
752 1521 860 1595 liberis,

74 1616 251 1692 propinquis,
274 1617 383 1686 amicis,
403 1617 582 1692 maximeque
602 1618 784 1693 reipublicae:
806 1619 862 1676 sin·
894 1645 898 1657 ·

14 1752 20 1770 .
75 1712 207 1788 gulosum
228 1712 305 1768 enirn
327 1713 486 1783 facultates,
501 1722 530 1769 et
550 1714 651 1789 copiae,
669 1714 774 1772 divitiae
795 1725 861 1773 sunt
876 1723 907 1770 15

75 1808 209 1865 civitatis.
251 1807 330 1865 Huic
351 1809 488 1865 Scaevolae
509 1809 615 1866 sactum
638 1809 688 1886 (de
702 1829 760 1885 quo
774 1812 860 1886 paulo

76 1915 142 1961 ante
163 1903 236 1981 dixi)
257 1904 373 1979 placere
393 1905 473 1961 nullo
493 1906 578 1962 modo
601 1915 703 1979 potest.
744 1907 861 1964 Etenim

75 2001 195 2057 omnino
222 2010 332 2057 tautum
356 2020 387 2057 se
413 2011 501 2076 negat
528 2001 670 2057 iacturum
698 2002 862 2077 compendii

74 2097 119 2154 sui
145 2097 245 2167 causa,
273 2097 350 2171 quod
377 2116 433 2154 non
461 2097 555 2157 liceat.
613 2095 692 2153 Huic
719 2103 774 2154 ne'c
800 2097 862 2155 laus

75 2211 183 2269 magna
206 2190 367 2263 tribuenda,
394 2211 449 2250 nec
476 2191 569 2268 gratia
595 2200 647 2247 est.
706 2192 774 2263 Sed,
803 2192 862 2249 sive
875 2200 907 2249 2⁰

75 2288 221 2345 simulatio
244 2297 273 2344 et
297 2288 485 2346 dissimulatio
509 2287 592 2343 dolus
615 2285 707 2344 malus
727 2297 780 2359 est,
800 2307 863 2363 per·

74 2403 175 2459 paucae
196 2402 242 2440 res
262 2394 337 2454 sunt,
353 2384 383 2440 in
403 2385 506 2459 quibus
526 2383 609 2440 dolus
630 2383 683 2441 iste
697 2384 789 2441 malus
803 2403 862 2442 non

76 2490 220 2537 versetur:
255 2480 313 2536 sive
340 2481 382 2536 vir
410 2482 503 2537 bonus
535 2489 579 2536 est
605 2479 630 2537 is
656 2481 705 2556 qui
737 2481 861 2557 prodest,

75 2576 179 2651 quibus
199 2586 302 2651 potest,
324 2585 409 2633 nocet
429 2576 549 2649 nemini,
564 2586 643 2633 certe
664 2576 749 2634 istum
770 2577 861 2634 virum

77 2670 184 2728 bonum
199 2689 258 2727 non
274 2671 359 2727 facile
373 2672 556 2745 reperiemus.
598 2670 755 2746 Nunquam
775 2672 862 2748 igitur
876 2681 908 2730 25

76 2778 119 2824 est
144 2766 215 2824 utile
237 2784 371 2840 peccare,
395 2767 463 2841 quia
486 2786 598 2842 semper
624 2777 668 2825 est
694 2778 792 2844 turpe:
823 2777 863 2840 et,

75 2864 142 2939 quia
164 2880 279 2937 semper
300 2872 344 2919 est
368 2862 530 2936 honestum,
550 2863 643 2922 virum
664 2864 775 2923 bonum
792 2883 877 2932 ease,

75 2977 188 3039 temper
202 2967 247 3020 est
260 2957 336 3020 utile.
616 2954 637 3020 ‚t
