1904 3750
59 714 61 718 ,
91 644 149 707 186
421 646 465 705 oa
488 658 632 706 ornans.
839 656 920 717 [nn.

136 807 214 876 bant,
231 816 260 862 et
280 823 379 863 eorum
400 807 450 881 qui
470 826 521 865 sua
542 807 710 865 amiserant:
730 802 919 881 perfecitque,

135 902 309 960 aestimandis
328 904 566 978 possessionibus,
588 914 620 960 ut
639 903 823 980 persuaderet
846 902 919 973 aliis,

134 1007 167 1054 ut
192 999 345 1073 pecuniam
374 1000 505 1075 accipere
536 1000 663 1071 mallent,
690 997 921 1074 possessionibus

135 1094 288 1163 cedereut3
311 1094 384 1166 aliis,
405 1105 437 1151 ut
458 1096 637 1153 commodius
656 1104 800 1171 putarent,
821 1112 922 1151 nume·

104 1190 192 1247 brari
213 1190 277 1262 sibi,
298 1190 375 1266 quod
395 1192 467 1249 tanti
488 1202 572 1262 esset,
593 1209 678 1267 quam
699 1208 783 1247 suum
803 1208 922 1266 recupe-

134 1305 207 1345 rare.
250 1287 296 1345 lta
320 1288 478 1364 perlectum
506 1298 559 1359 est,
580 1298 612 1345 ut
633 1305 743 1359 omnes,
765 1285 921 1345 concordis

135 1384 303 1456 constituti,
319 1384 381 1441 sine
395 1382 510 1459 querella
524 1385 714 1442 discederent.

174 1479 203 1538 Ο
223 1481 315 1537 virum
335 1499 481 1557 magnum,
496 1481 681 1557 dignumque,
702 1479 752 1554 qui
773 1479 803 1536 in
823 1479 922 1537 nostrd

136 1577 285 1652 republicis
306 1588 389 1634 natus
410 1578 500 1634 esset!
543 1577 594 1633 Sic
613 1595 663 1653 par
684 1586 727 1632 est
748 1594 833 1653 agere
854 1594 921 1632 cum

91 1675 123 1724 10
138 1674 257 1745 civibuS,
272 1692 331 1730 non
347 1672 392 1749 (ut
406 1673 449 1728 bis
466 1673 524 1748 jam
539 1672 675 1751 vidimus)
691 1672 800 1729 hastam
815 1671 844 1728 in
858 1670 921 1727 foro

136 1789 254 1846 ponere,
269 1779 298 1825 et
312 1770 387 1826 bona
408 1769 512 1825 civium
528 1769 592 1825 voci
613 1769 754 1844 subjicere
770 1767 920 1843 praeconis.

138 1866 178 1922 At
199 1867 246 1922 ille
266 1866 385 1922 Graecus
408 1864 460 1940 (id,
475 1866 551 1940 quod
573 1866 626 1923 suit
646 1865 784 1941 sapientis
804 1873 832 1921 et
851 1883 923 1939 prae·

137 1962 239 2018 stantis
259 1961 325 2039 viri)
347 1962 479 2019 omnibus
501 1962 709 2019 consulendum
728 1961 854 2038 putavit:
876 1979 922 2018 ea·

138 2076 193 2132 que
220 2067 263 2113 est
290 2076 400 2114 summa
426 2058 498 2114 ratio
525 2068 553 2115 et
580 2057 721 2134 sapientia
744 2057 812 2114 boni
840 2057 920 2128 civis,

92 2155 124 2205 15
139 2153 291 2212 commodo
318 2153 422 2210 civium
453 2173 512 2210 non
540 2155 683 2225 divellere,
712 2165 795 2229 atque
822 2173 921 2210 omnes

139 2250 271 2324 aequitate
298 2249 399 2306 eddam
423 2251 580 2307 continere.
622 2250 763 2307 Habitant
783 2251 871 2326 gratis
892 2251 921 2307 in

139 2346 241 2402 alieno.
282 2343 362 2406 Quid
383 2346 441 2403 ital
481 2346 529 2418 Ut,
545 2365 611 2403 cum
625 2364 680 2422 ego
694 2347 822 2418 emerim,
837 2346 923 2403 aedifr·

138 2442 239 2512 cdrim,
260 2452 351 2514 tuear,
374 2442 546 2518 impendam,
567 2451 608 2514 tu,
629 2460 676 2499 me
703 2442 802 2514 invito,
828 2442 922 2499 fruare

139 2540 223 2596 meol
263 2539 345 2599 Quid
372 2548 415 2595 est
443 2538 529 2610 aliud,
552 2538 614 2595 aliis
641 2557 694 2596 sua
716 2539 836 2613 eripere,
860 2539 922 2595 aliis

93 2640 125 2691 20
140 2636 207 2693 dare
229 2635 340 2693 alienat
381 2635 503 2692 Tabulae
524 2653 591 2691 vero
613 2653 694 2692 novae
720 2635 789 2709 quid
816 2634 922 2691 habent

139 2732 309 2808 argumenti,
324 2730 390 2800 nisi,
405 2741 437 2787 ut
457 2750 535 2788 emas
555 2731 619 2787 med
639 2730 764 2806 pecunid
785 2730 921 2800 lundum;

138 2847 205 2885 eum
218 2838 249 2885 tu
264 2828 379 2898 habeas,
394 2845 449 2903 ego
463 2845 522 2884 non
536 2827 656 2884 habeam
670 2825 843 2902 pecuniaml

177 3019 291 3076 XXIV.
311 3018 521 3086 Quamobrem,
536 3039 573 3077 ne
587 3019 623 3076 sit
641 3038 679 3076 aes
700 3017 824 3075 alienum
846 3017 922 3092 quod

138 3115 304 3190 reipublice
325 3123 437 3185 noceat,
451 3114 659 3189 providendum
679 3122 737 3180 est;
759 3112 835 3187 quod
852 3113 924 3169 mul·

95 3211 176 3271 estis
195 3210 354 3267 rationibus
381 3210 476 3267 caveri
502 3220 612 3285 potest;
639 3226 708 3280 non,
730 3207 754 3265 si
775 3208 870 3280 luerit,
891 3220 923 3265 ut

132 3306 295 3380 locupletes
328 3323 412 3363 suum
437 3306 568 3381 perdant,
596 3305 741 3364 debitores
774 3304 923 3362 lucrentur

122 3399 277 3463 alienum:
307 3422 366 3464 nec
393 3402 474 3464 enim
491 3404 554 3466 ulla
569 3421 618 3464 res
633 3401 831 3462 uehementius
851 3418 923 3459 rem·
