1904 3750
73 249 116 313 ‚50
372 261 461 307 csso
482 260 598 318 usion,
613 260 676 308 suu

123 427 235 467 morum
250 410 442 483 disseruisset,
458 412 492 484 is,
508 412 557 487 qui
581 421 657 468 esset
686 411 816 469 omniurn
842 411 916 489 sapi·

123 506 288 564 entissimus
308 508 428 565 oraculo
449 509 595 584 Apollinis
613 508 770 584 judicatus.
831 509 915 571 Quid

123 603 235 660 multal
256 603 308 660 Sic
322 604 394 660 mihi
413 605 553 680 persuasi,
569 605 612 662 sic
626 605 731 676 sentio,
746 624 813 662 cum
835 615 916 663 tanta

123 699 256 756 celeritas
278 699 438 758 animorum
459 701 506 772 sit,
528 710 609 758 tanta
629 701 770 758 memoria
789 701 915 776 praeteri-

91 811 108 858 5
122 805 228 867 torum,
244 796 462 871 futurorumque
482 797 652 872 prudentia,
668 807 711 854 tot
726 808 812 870 artes,
827 808 914 855 tantae

123 892 261 964 scientim,
283 903 326 950 tot
351 893 476 966 inventa,
497 913 557 951 non
577 913 663 969 posse
684 913 748 951 eam
770 905 912 966 naturam,

123 1008 186 1064 quae
201 1008 247 1046 res
268 1009 317 1047 eas
338 991 496 1062 contineat,
512 1009 576 1047 esse
596 991 764 1048 mortalem:
789 1009 914 1065 cumque

125 1105 238 1161 semper
261 1087 383 1163 agitetur
406 1086 528 1158 animus,
544 1106 599 1160 nec
619 1086 795 1162 principium
817 1087 913 1144 motus

124 1182 237 1255 habeat,
253 1184 321 1259 quia
341 1202 372 1240 se
393 1183 454 1258 ipse
475 1193 607 1253 moveat3
629 1202 667 1240 ne
687 1183 775 1240 finem
796 1183 913 1257 quidem

77 1281 108 1331 10
124 1280 287 1338 habiturum
302 1300 365 1338 esse
379 1281 486 1352 motriS,
501 1281 569 1356 quia
590 1299 737 1354 nunquam
753 1299 784 1336 se
800 1280 861 1355 ipse
876 1279 913 1337 sit

123 1377 294 1434 relicturus:
317 1387 355 1448 et,
371 1396 438 1434 cum
459 1377 580 1452 simplex
599 1376 687 1433 animi
709 1386 814 1434 natura
827 1386 914 1448 esset,

123 1492 216 1548 neque
232 1475 350 1530 haberet
364 1474 393 1529 in
409 1493 439 1530 se
461 1474 616 1548 quidquam
639 1472 796 1530 admixtum
818 1473 914 1548 dispar

123 1570 167 1625 sui
179 1580 263 1643 atque
278 1569 427 1640 dissimile,
443 1555 501 1626 non
515 1587 599 1643 posse
614 1587 680 1626 eum
696 1568 803 1638 dividi3
834 1568 912 1643 quod

122 1665 146 1720 si
161 1685 218 1721 non
232 1665 332 1739 possit,
348 1683 406 1721 non
421 1684 504 1739 posse
517 1664 651 1720 interire:
674 1684 839 1740 magnoque
850 1682 914 1720 esse

77 1763 107 1811 15
125 1771 304 1836 argumento,
328 1761 460 1817 homines
475 1761 550 1816 scire
577 1761 714 1835 pleraque
740 1771 805 1817 ante
828 1779 913 1835 quam

123 1857 183 1914 nati
208 1858 275 1927 sint,
295 1858 370 1932 quod
397 1857 456 1932 jam
478 1858 571 1932 pueri,
595 1875 662 1913 cum
686 1869 761 1913 artes
783 1857 914 1914 difficiles

124 1954 246 2024 discant,
262 1955 302 2010 ita
313 1954 446 2011 celeriter
461 1973 506 2010 res
522 1954 749 2011 innumerabiles
764 1954 913 2028 arripiant,

124 2063 154 2109 ut
169 2072 217 2108 eas
232 2070 290 2108 non
306 2062 366 2108 tum
387 2051 511 2125 primum
528 2051 661 2124 accipere
683 2050 847 2121 videantur,
863 2049 913 2106 sed

123 2149 271 2205 reminisci
286 2159 315 2204 et
328 2148 482 2204 recordari.
526 2147 599 2204 Haec
614 2148 696 2203 Plato
711 2157 817 2204 noster.

75 2341 107 2390 20
163 2342 265 2398 XXII.
308 2342 395 2417 Apud
419 2341 645 2417 Xenophontem
667 2350 773 2410 autem,
789 2339 914 2396 moriens

124 2437 217 2512 Cyrus
242 2438 331 2512 major
357 2437 419 2493 liure
442 2438 531 2494 dicit:
571 2434 701 2491 “Nolite
727 2435 868 2506 arbitrari,
897 2453 915 2492 ο

123 2534 194 2590 milri
206 2534 347 2591 carissimi
362 2534 423 2604 filii,
445 2554 501 2604 me,
517 2552 582 2590 cum
606 2551 622 2589 a
643 2532 723 2588 vobis
743 2532 915 2603 discessero,

123 2649 264 2704 nusquam
280 2642 328 2687 aut
343 2631 452 2687 nullum
465 2631 533 2687 fore.
576 2629 642 2685 Nec
657 2629 746 2699 enim,
756 2629 825 2684 dum
837 2647 915 2684 eram

124 2727 284 2797 vobiscum,
309 2728 435 2783 animum
459 2746 555 2783 meum
584 2725 742 2794 videbatis;
773 2725 823 2780 sed
849 2743 915 2782 eum

76 2834 108 2881 25
124 2841 187 2880 esse
203 2825 232 2880 in
247 2825 303 2879 hoc
318 2843 449 2899 corpore,
465 2843 500 2880 ex
522 2824 558 2880 iis
578 2823 664 2879 rebus
678 2840 749 2897 quas
768 2820 916 2896 gerebam,

118 2917 338 2998 intelligebatis.
406 2921 539 2980 Eundem
565 2920 652 2996 igitur
677 2936 740 2974 esse
763 2917 916 2988 creditate,

106 3015 201 3075 etiam
226 3020 253 3079 si
276 3022 394 3083 trullum
417 3019 562 3080 uidebitis.
598 3015 669 3072 llec
685 3033 755 3070 uero
773 3014 917 3071 clarorum
